2459 3959
1045 265 1278 322 LIBER.
1317 267 1367 322 Ι.
1418 273 1449 320 2
2100 266 2227 328 148

451 419 678 490 regibus
719 419 814 474 hic
854 438 974 474 mos
1019 428 1120 484 est,
1167 419 1262 474 ubi
1304 437 1478 493 equos
1519 430 1864 491 mercantur-3
1910 431 2135 495 opertos

451 504 771 578 inspiciunt,
816 523 888 560 ne
933 505 979 560 si
1022 505 1210 574 facies,
1256 515 1317 561 ut
1361 523 1543 577 saepe,
1592 511 1790 562 decora

450 591 606 645 molli
647 591 786 646 fulta
829 593 972 662 pede
1017 600 1118 657 est,
1164 600 1473 662 emptorem
1512 593 1741 648 inducat
1792 594 2052 660 hiantem,

453 678 601 746 quod
643 677 904 747 pulchrae
947 676 1154 744 clunes,
1197 678 1367 732 breve
1411 681 1557 750 quod
1588 688 1771 750 caput,
1814 681 1987 734 ardu-a
2016 680 2223 736 cervix.

309 767 400 816 90
447 762 554 815 hoc
595 761 679 814 illi
719 769 900 816 recte:
944 780 1016 816 ne
1059 761 1304 834 corporis
1348 764 1555 834 optima
1598 764 1810 836 Lyncei

448 847 821 918 contemplere
865 847 1056 913 oculis,
1099 849 1359 918 Hypsaea
1402 850 1615 905 caecior
1654 850 1753 904 illa

447 950 586 1002 quae
631 933 774 986 mala
816 941 946 986 sunt
989 941 1222 1004 spectes.
1271 932 1322 986 ‘o
1370 950 1516 1003 crus,
1564 954 1596 990 o
1641 935 1865 989 brachia
1884 925 1918 989 1’
1962 954 2154 992 verum

453 1016 686 1088 depugis
729 1057 744 1084 ‚
790 1027 1004 1084 nasuta,
1049 1018 1206 1072 brevi
1249 1019 1422 1073 latere
1467 1037 1533 1074 ac
1573 1021 1715 1093 pede
1758 1021 1927 1092 longo
1974 1030 2074 1078 est.

449 1111 730 1157 matronae
772 1113 992 1174 praeter
1033 1103 1228 1158 faciem
1266 1104 1347 1157 nil
1392 1122 1616 1161 cernere
1658 1105 1858 1177 possiS,

309 1193 395 1242 95
446 1196 646 1252 cetera,
690 1187 750 1242 ni
794 1188 952 1244 Catia
994 1196 1100 1256 est,
1143 1189 1381 1244 demissa
1424 1198 1579 1246 veste
1622 1190 1878 1262 tegentis.

439 1273 486 1327 si
529 1273 826 1328 interdicta
867 1282 1040 1344 petes,
1085 1274 1236 1328 vallo
1280 1277 1617 1330 circumdata
1660 1302 1745 1312 —
1789 1295 1914 1330 nam
1957 1285 2016 1332 te

435 1358 542 1413 hoc
583 1358 716 1412 facit
755 1359 1008 1413 insanum
1051 1386 1138 1398 —-
1179 1361 1389 1416 multae
1430 1359 1537 1415 tibi
1585 1369 1704 1414 tum
1746 1360 2007 1416 obficient
2048 1381 2156 1430 ree,

443 1445 700 1498 custodes
745 1445 956 1512 lectica,
1006 1444 1291 1499 ciniflones
1334 1448 1628 1517 parasitae,

437 1531 509 1582 ad
551 1529 694 1583 talos
739 1530 882 1583 stola
925 1529 1162 1584 demissa
1206 1538 1263 1584 et
1308 1530 1645 1584 circumdata
1686 1531 1853 1602 palla,

262 1619 388 1669 100
435 1615 691 1685 plurima,
738 1633 880 1687 quae
923 1615 1208 1670 invideant
1248 1634 1386 1687 pure
1431 1617 1697 1689 adparere
1739 1616 1843 1671 tibi
1886 1635 2017 1672 rem.

437 1699 625 1766 altera,
673 1699 750 1753 nil
794 1701 1006 1768 obstat3
1054 1700 1182 1756 Cois
1225 1701 1329 1755 tibi
1371 1719 1551 1773 paene
1594 1700 1783 1755 videre
1828 1711 1916 1757 est

435 1792 499 1838 ut
542 1786 762 1851 nudam,
807 1803 878 1840 ne
921 1803 1079 1841 crure
1122 1786 1287 1854 malo,
1329 1804 1401 1842 ne
1446 1787 1519 1840 sit
1561 1787 1705 1858 pede
1735 1787 1921 1859 turpi:

433 1869 618 1923 metiri
661 1869 840 1941 possis
879 1872 1038 1925 oculo
1084 1871 1247 1928 latus.
1294 1890 1363 1925 an
1394 1871 1497 1926 tibi
1540 1871 1714 1926 mavis

428 1954 656 2010 insidias
699 1955 820 2008 fieri
863 1955 1212 2027 pretiumque
1258 1956 1487 2012 avellier
1528 1966 1657 2010 ante

263 2046 384 2096 105
435 2058 600 2112 quam
641 2057 878 2094 mercem
927 2041 1184 2095 ostendi?
1231 2042 1491 2113 ‘leporem
1538 2048 1767 2096 venator
1810 2051 1875 2097 ut
1916 2043 2029 2099 alta

429 2126 490 2180 iu
534 2125 662 2180 nive
705 2135 964 2193 sectetur,
1009 2126 1252 2199 positum
1296 2127 1377 2181 sic
1419 2136 1650 2199 tangere
1693 2119 1850 2182 nolit’

427 2219 644 2278 cantat,
706 2219 764 2266 et
807 2212 1038 2284 adponit
1083 2210 1256 2268 ‘meus
1300 2221 1383 2268 cst
1428 2232 1583 2269 amor
1624 2212 1753 2268 huic
1797 2212 2021 2270 similis:
2068 2233 2199 2270 nam

429 2297 737 2352 transvolat
776 2296 834 2350 in
878 2297 1061 2351 medio
1106 2298 1289 2370 posita
1332 2307 1389 2352 et
1429 2297 1703 2369 fugientia
1744 2301 1971 2370 captat.’

430 2381 645 2437 hiscine
689 2381 974 2437 versiculis
1019 2401 1204 2454 speras
1250 2383 1352 2438 tibi
1394 2401 1557 2455 posse
1602 2383 1819 2439 dolores

261 2469 386 2521 110
434 2475 602 2539 atque
645 2475 829 2522 aestus
875 2486 1145 2540 curasque
1189 2468 1374 2541 gravis
1418 2487 1449 2524 e
1493 2477 1721 2541 pectore
1764 2469 1927 2524 tolli?

430 2571 634 2621 nonne,
681 2553 1032 2624 cupidinibus
1077 2562 1287 2609 statuat
1328 2563 1525 2609 natura
1567 2555 1791 2609 modum
1834 2575 2021 2628 quem,

433 2639 569 2711 quid
612 2638 812 2703 latura,
857 2637 964 2692 sibi
1006 2639 1141 2711 quid
1185 2639 1261 2694 sit
1302 2639 1543 2695 dolitura
1584 2648 1865 2712 negatum,

431 2741 698 2795 quaerere
741 2724 866 2795 plus
909 2725 1137 2796 prodest
1181 2733 1241 2779 et
1284 2726 1447 2780 inane
1492 2725 1818 2780 abscindere
1863 2726 2066 2782 soldo‘?

431 2827 589 2876 num,
629 2807 731 2863 tibi
775 2827 896 2862 cum
939 2809 1110 2863 faucis
1153 2810 1265 2864 urit
1307 2810 1445 2879 sitis,
1489 2828 1657 2864 aurea
1698 2812 1917 2882 quaeris

265 2897 385 2947 115
432 2893 675 2965 pocula?
718 2913 848 2948 num
893 2894 1142 2950 esuriens
1185 2895 1401 2951 fastidis
1446 2895 1628 2950 omnia
1668 2905 1890 2967 praeter

429 2997 700 3051 pavonem
720 2980 1162 3052 rhombumque?
1201 2990 1421 3035 tument
1440 2981 1543 3036 tibi
1561 2999 1681 3035 cum
1704 2980 1951 3052 inguina,
1965 3003 2113 3052 num,
2142 2986 2186 3040 si

428 3065 632 3119 ancilla
671 3072 768 3119 aut
809 3081 980 3119 verna
1023 3074 1108 3120 est
1148 3075 1372 3138 praesto
1414 3085 1591 3138 puer,
1655 3066 1875 3138 inpetus
1918 3068 1977 3124 in
2021 3089 2185 3142 quem

425 3149 686 3204 continuo
731 3150 847 3218 fiat,
891 3150 1048 3204 malis
1091 3152 1363 3224 tentigine
1404 3141 1623 3225 rumpi?

423 3252 533 3289 non
579 3253 712 3306 ego:
758 3252 996 3307 namque
1023 3236 1325 3308 parabilem
1370 3255 1493 3292 amo
1526 3241 1803 3294 Venerem
1832 3239 2180 3315 facilemque.

258 3323 375 3374 120
420 3319 575 3374 illam
620 3321 764 3392 ‘post
804 3320 1022 3393 pau1103
1068 3323 1168 3377 sed
1208 3322 1418 3395 pluris;
1464 3323 1511 3377 si
1554 3323 1755 3380 exierit
1795 3325 1896 3380 vir’

423 3405 620 3475 Gallis,
663 3407 804 3462 hanc
845 3405 1200 3464 Philodemus
1244 3409 1324 3465 ait
1364 3408 1469 3464 sibi
1513 3427 1655 3482 quae
1700 3429 1881 3484 neque
1923 3431 2123 3484 magno

421 3498 534 3548 stet
573 3491 754 3564 pretio
799 3509 982 3564 neque
1027 3503 1335 3564 cunctetur,
1380 3512 1504 3550 cum
1548 3503 1633 3552 est
1676 3496 1825 3552 iussa
1866 3499 2075 3554 venire·
