2459 3959
2132 306 2236 353 XV

278 460 438 501 nam
479 433 716 499 Bland.
763 444 894 495 ant.
931 430 1170 497 Stallb.
1217 432 1345 517 Ply
1377 434 1401 516 ΙΙ
1434 440 1472 499 9
1522 436 1635 499 heu
1680 438 1793 501 heu
1837 434 2038 503 Orell.
2072 438 2237 506 Ritt.

283 522 366 587 of.
409 519 465 585 I.
505 520 611 587 35.
653 522 756 585 33.
802 516 878 581 Ε.
925 522 1021 583 15.
1062 520 1142 583 23
1189 518 1216 599 11
1258 521 1339 583 17
1395 521 1615 587 Gnosii
1653 521 1711 587 P
1765 534 1826 587 et
1870 522 2028 588 Ritt.
2074 525 2239 592 nihil

284 607 562 671 edoctus
607 605 981 670 doctissima
1027 604 1462 670 admonitione
1509 606 1603 671 M.
1635 609 1837 689 praef.
1870 632 1932 695 p.
1948 629 2064 673 xLI
2094 610 2119 693 11
2151 614 2233 677 21

283 695 457 778 yenti
515 689 818 756 Oudend.
876 689 1044 753 HM.
1109 690 1319 775 gentis
1376 714 1465 777 vg
1508 690 1533 775 ΙΙ
1580 695 1662 756 24
1718 695 1938 760 Teucer
2004 707 2057 761 te
2114 718 2237 781 pro

297 781 529 843 Teucer
581 790 637 841 et
697 800 778 841 ex
837 775 986 841 trib.
1033 776 1269 839 Bland.
1314 780 1751 862 reponendum
1800 802 1944 844 esse
1990 784 2242 847 monuit

289 863 403 927 1.1.
449 864 934 938 Lachmannus‚
982 875 1056 924 ut
1102 884 1251 925 eum
1296 863 1529 927 ultima
1574 864 1845 947 stropha
1888 864 2024 929 PM
2066 867 2242 932 iudi-

285 950 475 1015 cibus
517 949 598 1014 ab
631 948 794 1015 Hor.
832 946 1267 1011 abiudicanda
1308 949 1393 1011 sit
1436 961 1711 1034 utraque
1744 949 1919 1015 basis
1953 952 2241 1017 trochai-

288 1060 404 1101 cae
449 1036 720 1101 offensio
767 1033 1101 1099 evanuerit
1147 1040 1254 1111 (cf.
1281 1057 1338 1097 ν.
1362 1036 1487 1110 36).
1542 1037 1764 1101 Teucer
1808 1050 1864 1102 te
1904 1036 2239 1124 PHMPly

285 1123 447 1187 Ritt.
513 1124 847 1207 Teucer-que
895 1133 950 1185 et
996 1119 1056 1183 B
1111 1158 1196 1169 —-
1256 1117 1539 1185 CARM.
1584 1119 1776 1184 XVI.
1838 1122 1922 1185 ef.
1982 1123 2230 1189 Buttm.

285 1207 566 1293 Mythol.
607 1205 665 1269 Ι.
699 1208 846 1271 300.
874 1207 995 1269 307
1028 1205 1174 1267 adn.
1205 1207 1235 1287 Η
1266 1208 1305 1269 3
1333 1229 1524 1291 pones
1542 1208 1766 1272 iambis
1804 1207 1814 1290 Ι
1853 1210 1975 1273 sive
2012 1211 2023 1291 Ι
2044 1220 2240 1288 flam-

283 1320 418 1359 mat
487 1294 566 1357 de
622 1293 815 1356 huius
879 1292 1000 1355 coli
1051 1312 1281 1375 parum
1337 1292 1647 1355 adcurata
1712 1294 1925 1379 specie
1984 1295 2239 1359 monuit

283 1378 556 1445 Lachm.
602 1379 667 1441 in
715 1378 900 1463 epist.
950 1378 1032 1439 ad
1076 1376 1318 1439 Frank.
1365 1400 1426 1461 p.
1461 1378 1607 1453 238,
1655 1378 1766 1442 ubi
1812 1380 2074 1463 quidem
2118 1377 2244 1443 ob-

289 1466 574 1529 servavit
619 1464 898 1527 alcaieae
941 1461 1245 1547 strophae
1292 1464 1481 1526 colon
1528 1462 1787 1528 tertium
1832 1476 1999 1550 ‘post
2044 1466 2242 1551 quin-

285 1568 421 1614 tam
467 1549 782 1633 syllabam
827 1570 904 1613 ea
949 1547 1329 1611 condicione
1373 1548 1609 1623 incidi,
1677 1560 1751 1613 ut
1798 1562 1980 1614 sexta
2016 1560 2244 1616 teneat

213 1632 218 1636 ’
285 1635 679 1701 vocabulum
735 1632 1269 1715 monosyllabum'
1332 1632 1446 1717 (ef.
1493 1658 1598 1698 vv.
1645 1639 1706 1699 7.
1749 1639 1848 1701 11.
1905 1636 2053 1720 19),
2124 1657 2245 1702 neo

283 1724 414 1785 nisi
457 1724 525 1785 in
573 1718 961 1804 quibusdam
1006 1719 1194 1803 primi
1244 1730 1305 1783 et
1350 1721 1619 1783 secundi
1660 1720 1809 1783 libri
1840 1720 2242 1786 carminibus

277 1808 452 1871 -hanc
488 1805 700 1891 legem
746 1802 1113 1889 neglectam
1158 1826 1315 1868 esse.
1358 1804 1439 1867 cf.
1475 1804 1669 1869 huius
1716 1805 1843 1870 loci
1888 1806 2135 1871 similes
2186 1806 2241 1871 Ι.

286 1895 395 1958 26.
443 1898 516 1976 7;
563 1894 664 1955 29.
717 1894 816 1953 11.
863 1886 1060 1957 11.1.
1113 1893 1228 1965 113
1282 1892 1387 1953 13.
1433 1893 1553 1965 273
1607 1892 1706 1957 14.
1758 1895 1877 1968 113
1926 1894 2121 1956 19.7.
2164 1894 2235 1955 11

283 1994 352 2043 et
393 1977 687 2064 paullum
733 1975 1030 2043 diversae
1072 1975 1341 2041 rationis
1388 1975 1441 2039 I.
1490 1977 1591 2041 35.
1642 1978 1738 2041 11.
1785 1976 1871 2041 ΙΙ.
1919 1979 1979 2041 3.
2019 1980 2091 2054 33
2150 1980 2244 2040 19.

287 2068 391 2141 19,
437 2086 597 2150 quos
642 2063 824 2127 locos
871 2083 988 2125 cur
1031 2060 1187 2125 Ritt.
1234 2062 1299 2125 in
1348 2062 1496 2125 adn.
1545 2060 1630 2125 ad
1674 2059 1761 2125 II.
1811 2065 1909 2127 13.
1948 2064 2027 2127 27
2078 2062 2245 2125 omi-

285 2151 442 2214 serit
503 2170 802 2213 caussam
869 2170 1000 2211 non
1057 2146 1267 2211 video.
1340 2147 1422 2209 cf.
1494 2147 1577 2210 ad
1640 2145 1695 2213 I.
1740 2150 1843 2213 26.
1892 2150 1964 2211 11
2016 2148 2041 2229 ΙΙ
2094 2148 2137 2209 8
2195 2150 2251 2210 si

281 2234 640 2318 BHMPIy.
685 2236 774 2297 sic
817 2256 925 2317 vg.
974 2268 1054 2279 --
1101 2229 1387 2297 CARM.
1413 2231 1646 2297 XVII.
1689 2236 1766 2296 14
1806 2235 1942 2297 hinc
1978 2246 2125 2296 ante
2170 2232 2243 2307 B,

282 2323 464 2403 quod
507 2320 904 2385 reduxerunt
928 2316 1208 2383 ICIahn.
1246 2316 1535 2381 Schmid.
1567 2317 1799 2384 Stallb.
1832 2355 1916 2365 --
1950 2318 2243 2383 CARM.

281 2404 555 2471 XVIII.
601 2405 681 2469 cf.
729 2402 974 2467 Buttm.
1022 2402 1301 2487 Mythol.
1338 2401 1392 2465 I.
1422 2405 1674 2484 300113
1718 2406 1962 2469 moenia
2018 2402 2253 2468 Catili.-

281 2491 558 2555 Lachm.
590 2490 676 2552 ad
701 2490 903 2553 Lucr.
931 2512 990 2573 p.
1013 2489 1120 2551 36.
1169 2489 1319 2552 add.
1356 2489 1451 2553 M.
1486 2490 1686 2571 praef.
1720 2510 1783 2573 p.
1820 2509 1943 2553 xm
1975 2501 2108 2552 ext.
2148 2492 2171 2569 Η
2206 2490 2242 2549 7

285 2603 360 2641 ac
403 2575 690 2640 BPHM.
737 2588 801 2638 at
845 2598 954 2650 vg.
1005 2614 1080 2625 --
1131 2572 1413 2639 CARM.
1446 2574 1615 2637 XX.
1662 2576 1744 2639 of.
1796 2576 1889 2640 M.
1932 2572 2133 2661 praef.
2184 2596 2247 2657 p.

279 2682 386 2727 VII
417 2662 443 2742 ss
477 2666 514 2725 5
561 2662 721 2727 clare
763 2659 988 2723 BHM.
1036 2684 1170 2725 care
1205 2684 1309 2744 vg.
1344 2662 1367 2741 ΙΙ
1400 2662 1436 2721 7
1486 2660 1807 2725 Vaticani.-
1856 2663 1932 2724 cf.
1959 2658 2245 2723 Lachm.

261 2750 368 2812 .ad
413 2749 491 2812 L.
524 2770 588 2832 p.
615 2748 714 2811 37.
746 2746 841 2809 M.
887 2747 1092 2826 praef.
1139 2768 1202 2828 p.
1250 2764 1369 2809 XLI
1397 2747 1425 2825 ΙΙ
1460 2744 1537 2810 10
1584 2759 1714 2809 tum
1762 2744 2043 2829 HMPly
2090 2756 2245 2829 post

280 2832 590 2897 Doederl.
639 2829 893 2906 (Reden
919 2854 982 2895 u.
1011 2830 1202 2895 Aufs.
1250 2829 1340 2894 II.
1391 2834 1533 2897 213.
1585 2831 1861 2895 Scherfl.
1908 2853 1971 2917 p.
2019 2832 2107 2907 7.)
2156 2829 2242 2893 cf.

281 2916 754 2983 111.28.11.tu
777 2914 946 2980 libri.
999 2952 1073 2963 —-
1123 2913 1403 2980 CARM.
1447 2915 1685 2981 XXII.
1736 2920 1774 2981 2
1821 2927 1971 2995 post
2014 2916 2244 2989 iaculi-³

279 3003 608 3089 virgulam
650 3002 844 3084 posui
891 3004 916 3083 ΙΙ
962 3001 1038 3068 11
1089 3004 1411 3086 mpeditus
1459 3000 1617 3085 er.
1664 3001 1781 3065 BP
1830 3002 1859 3082 ΙΙ
1904 3001 2247 3085 stropham

283 3102 582 3169 quartam
607 3088 934 3151 eiecerunt
966 3087 1113 3151 PM.
1138 3088 1429 3171 Daunias
1470 3108 1613 3151 voe.
1661 3087 1814 3151 ferri
1868 3110 2001 3152 non
2046 3106 2245 3171 posse

271 3173 414 3237 iam
455 3172 536 3237 B.
583 3173 767 3237 vidit.
813 3190 1005 3258 atque
1059 3172 1166 3237 hic
1221 3172 1441 3236 statim
1486 3193 1803 3248 moneam,
1861 3194 2087 3235 omnes
2136 3190 2249 3233 eos

277 3258 481 3336 locos,
529 3260 596 3322 in
642 3257 878 3340 quibus
920 3261 1143 3324 Dauni
1183 3260 1285 3323 vel
1325 3258 1621 3322 Dauniae
1663 3258 1913 3322 mentio
1950 3256 2054 3332 fit,
2104 3276 2246 3317 ma-

278 3367 437 3408 num
475 3342 952 3426 interpolatoris
989 3366 1142 3429 prae
1182 3366 1252 3408 se
1296 3344 1461 3407 ferre
1483 3342 1848 3425 Vergilium
1901 3340 2243 3405 imitantis.

281 3431 365 3494 cf.
410 3430 499 3495 II.
554 3435 607 3495 1.
654 3431 750 3495 34.
807 3427 930 3494 III.
979 3432 1080 3495 30.
1132 3432 1230 3492 11.
1291 3428 1411 3494 IV.
1462 3430 1517 3491 6.
1565 3432 1689 3503 273
1760 3430 1860 3492 14».
1915 3428 2018 3491 26.
2064 3425 2243 3488 unde

286 3527 494 3599 patet,
541 3538 669 3599 quo
716 3515 856 3579 iure
899 3514 1257 3579 Paldamus
1304 3524 1679 3596 corruptum
1734 3515 1921 3577 limen
1971 3510 2246 3595 Apuliae
