2459 3959
857 305 1002 361 LIB.
1042 309 1120 364 11.
1171 311 1194 358 1
1212 315 1415 370 4—16

1074 466 1223 523 XVI

284 596 486 651 Otium
531 595 687 650 divos
731 604 890 668 rogat
933 595 990 651 in
1037 606 1263 670 patente

283 700 528 754 prensus
571 681 816 754 Aegae0‚
862 682 1024 736 simul
1068 691 1187 738 atra
1229 685 1406 739 nubes

288 767 549 822 condidit
589 768 804 822 Lunam
849 787 1029 841 neque
1074 779 1224 823 eerta
1267 770 1485 841 fulgent

427 853 610 907 sidera
651 853 866 907 nautis:

200 991 236 1037 5
293 982 474 1036 otium
520 982 667 1035 bello
710 982 919 1036 furiosa
963 983 1196 1049 Thrace,

292 1069 478 1122 otium
520 1066 676 1121 Medi
719 1069 978 1140 pharetra
1022 1069 1228 1136 decori,

294 1154 577 1225 Grosphe‚
623 1171 733 1206 non
778 1153 1010 1224 gemmis
1054 1173 1236 1226 neque
1279 1173 1525 1228 purpura
1570 1171 1663 1208 ve·

431 1238 556 1292 nale
601 1256 783 1310 neque
827 1257 984 1294 auro.

291 1385 410 1421 non
457 1365 603 1420 enim
648 1383 818 1436 gazae
862 1384 1044 1438 neque
1090 1366 1392 1422 consularis

161 1463 243 1509 10
302 1455 598 1506 submovet
639 1451 803 1504 lictor
845 1451 1074 1507 miseros
1116 1454 1388 1507 tumultus

305 1535 512 1592 mentis
557 1543 614 1590 et
657 1554 812 1590 ouras
855 1537 1111 1609 laqueata
1139 1538 1342 1592 circum

438 1629 588 1676 tecta
628 1622 884 1676 volantis,

303 1749 515 1806 vivitur
558 1767 730 1822 parvo
775 1751 918 1804 bene
965 1751 1050 1804 cui
1097 1761 1389 1823 paternum

308 1838 570 1909 splendet
611 1835 668 1889 in
713 1853 900 1889 mensa
944 1837 1099 1890 tenui
1145 1837 1401 1906 salinum,

169 1931 254 1979 15
313 1940 418 1977 nec
462 1921 601 1975 levis
648 1939 868 1975 somnos
911 1922 1080 1976 timor
1123 1931 1220 1977 aut
1262 1923 1465 1994 cupido

403 2006 660 2062 sordidus
706 2007 904 2063 aufert.

317 2136 453 2208 quid
499 2135 657 2190 brevi
703 2135 873 2189 fortes
919 2135 1223 2190 iaculamur
1268 2154 1402 2190 aevo

320 2221 538 2275 multa?
584 2221 716 2292 quid
762 2231 935 2275 terras
980 2223 1089 2275 alio
1135 2221 1365 2276 calentis

322 2307 440 2361 sole
486 2307 801 2360 mutamus?
846 2307 1057 2378 patriae
1103 2306 1225 2378 quis
1274 2307 1402 2360 exul

185 2399 272 2448 20
413 2410 473 2446 se
517 2411 741 2465 quoque
786 2392 977 2463 fugit?

330 2520 550 2575 scandit
594 2528 810 2574 aeratas
855 2519 1056 2574 vitiosa
1101 2519 1256 2574 navis

322 2623 454 2659 eura
496 2623 599 2659 nec
641 2615 850 2660 turmas
895 2605 1138 2677 equitum
1182 2604 1465 2676 relinquit,

328 2692 481 2746 ocior
523 2691 700 2746 cervis
746 2699 804 2744 et
847 2699 1046 2762 agente
1090 2690 1306 2744 nimbos

418 2776 566 2831 ocior
609 2795 763 2832 euro.

191 2915 275 2964 25
328 2907 508 2960 laetus
553 2905 609 2959 in
654 2921 917 2977 praesens
963 2904 1173 2958 animus
1218 2905 1365 2976 quod
1414 2905 1558 2958 ultra
1604 2912 1689 2958 est

329 2992 514 3046 oderit
561 3008 754 3045 curare
799 2997 856 3044 et
900 3007 1081 3043 amara
1124 2991 1275 3045 lento

327 3085 604 3149 temperet
644 3076 794 3130 risu:
841 3074 978 3128 nihil
1026 3082 1111 3130 est
1155 3077 1223 3129 ab
1271 3077 1419 3130 omni

415 3170 574 3234 parte
619 3163 861 3216 beatum.

334 3290 562 3344 abstulit
608 3291 817 3344 clarum
862 3290 971 3344 cita
1014 3308 1161 3345 mors
1206 3289 1497 3356 Achillem,

200 3385 282 3435 30
332 3379 500 3448 longa
543 3375 846 3429 Tithonum
892 3376 1092 3430 minuit
1135 3384 1409 3443 senectu8‚

336 3471 394 3518 et
437 3460 573 3515 mihi
614 3462 798 3516 forsan
845 3461 950 3516 tibi
995 3463 1142 3533 quod
1189 3461 1411 3533 negarit

423 3546 674 3620 porriget
716 3547 871 3602 hora.

2043 307 2127 368 47
