2459 3959
280 248 408 321 ΞΩ
976 262 1535 321 EPISTVLARVM

458 419 661 474 fundet
703 434 839 490 opes
880 418 1219 491 Latiumque
1264 418 1457 473 beabit
1501 417 1674 473 divite
1719 419 1938 492 lingua;

454 502 797 559 luxuriantia
838 512 1149 576 conpescet,
1194 504 1358 559 nimis
1404 520 1598 576 aspera
1644 520 1776 559 sano

460 588 673 645 levabit
712 589 886 657 cultu,
932 590 1141 644 virtute
1184 589 1430 644 carentia
1471 589 1655 659 tollet,

294 681 409 731 125
440 674 707 731 .ludentis
752 674 996 745 speciem
1042 675 1200 729 dabit
1243 682 1300 730 et
1344 674 1698 748 torquebitur
1741 682 1804 729 ut
1845 675 1943 747 qui

459 776 607 816 nunc
652 761 928 830 Satyrum,
974 776 1123 815 nunc
1165 768 1441 833 agrestem
1487 760 1730 833 Cyclopa
1773 770 2045 815 movetur.

458 845 822 919 praetulerim
866 845 1105 918 scriptor
1152 846 1360 901 delirus
1405 846 1667 918 inersque
1713 844 1912 914 videri,

460 933 593 986 dum
634 948 761 986 mea
804 931 1089 987 delectent
1130 933 1280 985 mala
1323 950 1410 985 me
1454 932 1544 985 vel
1589 932 1834 1003 denique
1877 932 2094 1001 fallant,

462 1034 631 1089 quam
676 1034 871 1089 sapere
916 1024 973 1072 et
1016 1016 1209 1089 ringi?
1253 1016 1360 1071 fuit
1402 1018 1549 1070 haud
1592 1015 1856 1088 ignobilis
1901 1016 2074 1089 Argis

299 1106 417 1157 130
466 1101 562 1175 qui
608 1120 668 1157 se
712 1103 975 1157 credebat
1018 1102 1184 1156 miros
1228 1102 1422 1157 audire
1463 1103 1763 1174 tragoedos

465 1187 525 1242 in
569 1204 743 1243 vacuo
789 1187 973 1242 laetus
1018 1205 1203 1242 sessor
1243 1188 1579 1260 plausorque
1623 1189 1880 1254 theatr03

465 1281 655 1329 cetera
696 1272 792 1345 qui
838 1273 987 1327 vitae
1032 1282 1282 1328 servaret
1324 1272 1512 1327 munia
1556 1280 1712 1327 recto
1819 1338 1822 1340 Α

462 1376 639 1427 more,
684 1361 864 1413 bonus
910 1376 1041 1413 sane
1087 1358 1324 1425 vicinus,
1373 1357 1624 1412 amabilis
1669 1357 1891 1429 hospes,

467 1442 637 1499 comis
683 1443 741 1498 in
784 1462 1038 1511 uxorem,
1084 1452 1278 1515 posset
1321 1444 1418 1515 qui
1465 1443 1756 1515 ignoscere
1799 1441 1974 1497 servis

303 1535 421 1585 135
474 1537 531 1584 et
574 1528 735 1600 signo
777 1529 932 1585 laeso
978 1548 1087 1584 non
1132 1528 1374 1583 insanire
1419 1530 1674 1600 lagenae,

462 1622 656 1686 posset
700 1614 797 1687 qui
840 1632 1036 1687 rupem
1080 1623 1139 1669 et
1180 1622 1408 1687 puteum
1454 1613 1632 1669 vitare
1674 1618 1976 1685 patentem.

470 1698 562 1753 hic
605 1699 704 1754 ubi
748 1708 1108 1771 cognatorum
1152 1700 1354 1772 opibus
1403 1698 1662 1771 curisque
1703 1698 1942 1753 refectus

475 1784 695 1856 expulit
738 1786 987 1841 elleboro
1032 1787 1286 1840 morbum
1329 1784 1612 1857 bilemque
1657 1800 1896 1850 meraco,

476 1876 535 1926 et
576 1869 727 1925 redit
770 1872 841 1925 ad
882 1888 1029 1939 sese,
1078 1870 1190 1943 ‘pol
1237 1888 1325 1925 me
1371 1868 1671 1937 occidistis,
1719 1868 1900 1936 amici,

307 1963 425 2013 140
473 1972 587 2010 non
631 1956 911 2011 servastis’
956 1956 1052 2022 ait,
1098 1953 1209 2011 ‘cui
1255 1955 1336 2009 sic
1377 1960 1598 2011 extorta
1644 1954 1902 2025 voluptas

472 2050 531 2096 et
576 2042 833 2114 demptus
876 2059 981 2114 per
1021 2041 1134 2096 vim
1178 2040 1380 2095 mentis
1424 2040 1771 2113 gratissimus
1815 2040 2010 2095 error?

471 2126 735 2181 nimirum
780 2146 975 2198 sapere
1020 2135 1107 2182 est
1150 2126 1380 2181 abiectis
1425 2126 1563 2181 utile
1607 2125 1790 2199 nugis,

472 2218 531 2267 et
574 2212 968 2283 tempestivum
1014 2212 1203 2284 pueris
1249 2215 1556 2267 concedere
1600 2214 1808 2276 ludum,

476 2314 539 2351 ac
582 2315 694 2351 non
739 2298 910 2353 verba
955 2297 1110 2370 nequi
1154 2296 1358 2351 fidibus
1401 2300 1740 2353 modulanda
1783 2294 2020 2362 Latinis,

318 2388 432 2439 145
484 2383 581 2436 sed
624 2400 789 2438 verae
832 2400 1205 2455 numerosque
1251 2384 1558 2455 modosque
1601 2382 1850 2438 ediscere
1893 2380 2064 2437 vitae.

480 2467 741 2538 quocirca
784 2486 999 2523 mecum
1042 2469 1244 2541 loquor
1287 2468 1424 2523 haec
1467 2468 1780 2540 tacitusque
1823 2466 2116 2521 recordor:

487 2552 533 2605 si
576 2551 681 2607 tibi
728 2554 881 2607 nulla
924 2554 1071 2608 sitim
1115 2553 1302 2609 finiret
1346 2553 1507 2626 copia
1549 2554 1824 2625 lymphae,

484 2654 739 2693 narrares
784 2638 1052 2694 medicis:
1100 2642 1252 2711 quod
1296 2648 1508 2712 quanto
1551 2640 1716 2711 plura
1755 2637 1980 2709 parasti,

482 2731 639 2777 tanto
684 2724 849 2797 plura
892 2724 1068 2797 cupis,
1114 2724 1329 2779 nulline
1372 2725 1600 2779 faterier
1645 2721 1862 2778 audes?

321 2811 439 2863 150
492 2808 539 2863 si
582 2810 780 2865 volnus
824 2809 926 2864 tibi
972 2818 1280 2865 monstrata
1321 2810 1510 2865 radice
1551 2809 1641 2864 vel
1685 2808 1860 2863 herba

482 2912 596 2948 non
628 2895 803 2963 ¹fieret
845 2894 1039 2964 levius,
1084 2896 1306 2967 fugeres
1351 2894 1539 2949 radice
1582 2896 1674 2949 vel
1715 2895 1890 2949 herba

482 2980 813 3052 proficiente
855 2980 996 3034 nihil
1041 2980 1311 3036 curarier:
1357 2980 1630 3048 audieras,
1677 2978 1767 3035 cui

478 3083 598 3120 rem
644 3065 703 3120 di
748 3068 1040 3135 donarent,
1084 3066 1168 3121 illi
1212 3068 1484 3122 decedere
1527 3084 1757 3139 pravam

484 3150 800 3220 stultitiam,
846 3160 902 3207 et
948 3170 1071 3205 cum
1116 3152 1192 3208 sis
1238 3152 1412 3207 nihilo
1458 3151 1760 3223 sapientior
1804 3167 1877 3205 ex
1923 3166 2033 3221 quo

319 3242 433 3291 155
482 3235 701 3308 plenior
744 3256 821 3303 es,
867 3245 1053 3293 tamen
1096 3236 1268 3293 uteris
1313 3238 1678 3293 monitoribus
1721 3234 1945 3292 isdem?

481 3328 540 3375 at
583 3320 631 3375 si
676 3320 905 3377 divitiae
947 3324 1280 3395 prudentem
1323 3325 1558 3379 reddere
1604 3330 1849 3395 possent,

482 3404 531 3459 si
577 3407 841 3479 cupidum
883 3408 1251 3481 timidumque
1294 3408 1474 3463 minus
1518 3416 1602 3477 te3
1645 3424 1848 3482 nempe
1894 3409 2152 3477 ruberes,

471 3488 697 3546 viveret
739 3492 797 3546 in
842 3493 1007 3549 terris
1051 3502 1110 3549 te
1154 3494 1328 3566 siquis
1373 3494 1588 3550 avarior
1627 3512 1758 3549 uno.

442 3640 447 3647 Ι
482 3573 531 3627 si
573 3576 859 3649 proprium
902 3586 987 3633 est
1030 3581 1183 3652 quod
1226 3579 1351 3652 quis
1394 3579 1540 3635 libra
1579 3588 1853 3637 mercatus
1901 3587 1956 3635 et
1981 3596 2111 3636 aere
2156 3585 2262 3648 est,
