2459 3959
284 364 314 425 l
323 361 408 424 02
1062 366 1481 424 CARMINVM

402 521 648 594 paullum
693 521 943 595 sepultae
987 522 1158 578 distat
1201 522 1437 577 inertiae

279 607 358 663 80
403 607 584 663 celata
625 606 819 662 virtus.
865 624 974 661 non
1021 625 1125 680 ego
1169 617 1226 664 te
1271 608 1407 665 meis

485 692 686 748 chartis
729 692 1042 747 inornatum
1089 693 1286 762 sileb0‚

569 785 725 833 totve
767 786 892 834 tuos
937 777 1118 850 patiar
1160 780 1381 835 labores

397 950 623 1018 inpune,
667 949 832 1019 Lolli,
877 967 1102 1022 carpere
1145 951 1343 1006 lividas

397 1036 723 1093 obliviones.
770 1043 855 1090 est
897 1035 1110 1092 animus
1155 1036 1261 1091 tibi

270 1126 347 1178 85
479 1139 773 1195 rerumque
817 1122 1058 1195 prudens
1103 1129 1161 1176 et
1204 1120 1460 1176 secundis

563 1206 906 1280 temporibus
953 1206 1250 1280 dubiisque
1293 1216 1497 1273 rectus,

401 1380 608 1436 vindex
651 1398 848 1435 avarae
893 1377 1101 1435 fraudis
1147 1387 1206 1434 et
1250 1379 1533 1436 abstinens

394 1465 646 1522 ducentis
693 1467 763 1520 ad
806 1483 866 1520 se
913 1474 1112 1520 cuncta
1154 1464 1439 1537 pecuniae,

483 1551 788 1623 consulque
831 1569 944 1605 non
989 1550 1151 1605 unius
1196 1549 1357 1618 anni3

271 1643 347 1693 40
565 1638 665 1692 sed
708 1636 966 1709 quotiens
1011 1637 1190 1690 bonus
1237 1645 1404 1709 atque
1448 1634 1597 1688 fidus

390 1807 560 1864 iudex
604 1809 897 1864 honestum
941 1804 1207 1882 praetulit
1250 1807 1394 1876 utili,

391 1894 587 1950 reiecit
631 1895 744 1950 alto
791 1896 936 1949 dona
977 1894 1297 1948 nocentium

474 1981 647 2048 voltu,
692 1998 790 2053 per
833 1979 1101 2035 obstantis
1145 1987 1394 2033 catervas

559 2065 827 2140 explicuit
871 2083 968 2121 sua
1012 2065 1187 2119 vietor
1231 2081 1401 2119 arma.

265 2245 341 2296 45
392 2237 530 2307 [non
573 2236 946 2310 possidentem
990 2236 1164 2290 multa
1207 2233 1497 2290 vocaveris

388 2332 542 2380 recte
586 2325 844 2390 beatum3
889 2322 1094 2378 rectius
1141 2329 1378 2393 occupat

473 2426 673 2464 nomen
717 2407 887 2476 beati,
933 2407 1028 2480 qui
1075 2408 1307 2462 deorum

557 2493 875 2548 muneribus
920 2492 1198 2567 sapienter
1242 2489 1325 2545 uti

388 2667 692 2739 duramque
736 2666 905 2722 callet
947 2663 1268 2737 pauperiem
1311 2661 1449 2737 pati,

263 2758 338 2809 50
385 2751 652 2826 peiusque
695 2753 808 2806 leto
851 2750 1123 2823 flagitium
1165 2749 1343 2814 timet,

472 2855 582 2892 non
625 2837 722 2893 ine
764 2855 866 2910 pro
912 2835 1052 2890 caris
1097 2834 1289 2890 amicis

557 2930 653 2978 aut
694 2922 874 2996 patria
913 2919 1140 2976 timidus
1184 2915 1415 2994 perire]

1203 3203 1265 3256 X

386 3350 438 3406 O
484 3348 720 3406 crudelis
763 3349 944 3405 adhuc
986 3357 1043 3406 et
1086 3348 1325 3406 Veneris
1370 3348 1687 3404 muneribus
1731 3355 1946 3422 pot-ens,

382 3437 662 3508 insperata.
705 3442 834 3489 tuae
880 3453 1003 3490 cum
1046 3434 1235 3491 veniet
1276 3435 1463 3507 pluma
1506 3435 1817 3506 superbiae,

387 3529 463 3589 et,
508 3537 650 3592 quae
691 3537 840 3576 nunc
881 3518 1083 3576 umeris
1126 3519 1438 3588 involitant‚
1486 3519 1793 3575 deciderint
1842 3537 2056 3589 comae,

317 3651 322 3657 .
383 3623 532 3661 nunc
573 3611 631 3661 et
673 3605 770 3679 qui
816 3607 969 3662 color
1012 3612 1100 3662 est
1140 3604 1411 3679 puniceae
1452 3606 1589 3660 flore
1630 3604 1783 3678 prior
1823 3621 1999 3672 rosae,
