2459 3959
291 296 497 362 ΜΠ

324 446 472 499 ante
519 431 572 493 B
603 431 630 514 ΙΙ
669 432 746 495 14
787 454 826 492 a
873 430 1056 495 icem:
1121 429 1204 494 cs.
1256 428 1505 491 Buttm.
1553 426 1937 511 Mythol.,1.
1986 431 2127 493 320.
2174 463 2260 477 --

323 514 706 583 CARM.X
859 514 919 577 V
963 525 1132 577 recte
1186 513 1505 597 disposuit
1544 512 2069 589 CWVNauckius‚
2136 514 2258 577 nisi

323 602 500 685 quod
563 601 814 665 mediae
874 600 1075 683 partis
1133 615 1262 669 tres
1328 598 1625 684 strophas
1680 602 1835 665 satis
1896 601 2149 681 ineptas
2196 612 2259 662 et

323 687 603 753 absonas
665 693 796 765 (vv.
849 684 1130 768 17—28)
1191 706 1321 749 non
1378 707 1725 769 possumus
1771 709 1808 749 a
1850 683 2035 757 nobis
2080 683 2258 768 inpe-
2384 689 2389 693 ’

325 785 494 837 trare
533 786 604 835 ut
637 771 716 836 ab
744 770 904 835 Hor.
933 771 1176 855 scripta
1217 792 1359 834 esse
1404 770 1760 843 credamus..
1808 793 2085 855 quarum
2129 773 2259 856 pri-

321 882 497 928 mam
540 858 669 921 iam
728 856 911 921 eiecit
955 855 1037 931 P,
1101 855 1353 919 tertiam
1400 856 1525 940 Ply
1570 856 1674 937 (cf.
1719 857 1965 920 emend.
2012 855 2259 921 Venus.

322 968 386 1029 p.
415 963 487 1008 1v
535 948 696 1027 sq.)‚
765 942 844 1004 de
903 943 1098 1007 totius
1159 941 1463 1005 carminis
1509 942 1978 1026 compositione
2038 954 2261 1008 neuter

323 1028 662 1094 sollicitae.
711 1028 775 1090 in
821 1026 995 1091 hisce
1043 1048 1210 1111 quae
1268 1026 1556 1112 intellegi
1610 1044 1944 1113 nequeunt
1994 1027 2087 1107 (in
2131 1027 2260 1113 pti-

323 1116 448 1179 mis
494 1137 600 1177 vv.
655 1114 751 1177 17.
787 1115 900 1196 22)
945 1112 1271 1175 nescimus
1321 1126 1537 1177 utrum
1580 1114 1797 1196 inepta
1844 1126 2095 1180 tantum
2139 1112 2263 1177 sint

325 1224 405 1261 an
456 1199 674 1283 inepta
729 1198 922 1263 simul
981 1212 1044 1261 et
1101 1208 1404 1280 corrupta
1448 1200 1473 1281 ΙΙ
1521 1202 1557 1263 3
1604 1222 1818 1265 sursus
1862 1196 2264 1265 Lachmanni

324 1285 686 1356 emendatio
731 1301 831 1347 est
873 1304 974 1367 ap.
1020 1281 1113 1345 M.
1146 1283 1343 1366 praef.
1386 1302 1482 1347 XI.
1531 1308 1751 1371 corpus
1794 1284 1942 1356 libri
1972 1284 1997 1364 ΙΙ
2028 1284 2109 1351 39
2156 1285 2260 1349 de-

321 1374 519 1455 ftnyas
577 1367 806 1433 melius
864 1372 1136 1431 sortasse
1181 1367 1387 1431 BPH.
1442 1405 1525 1415 --
1592 1370 1869 1435 GARM.
1915 1368 2259 1435 XXXVI.

208 1484 213 1488 ·
326 1456 577 1519 Buttm.
623 1453 833 1537 Myth.
879 1452 929 1516 I.
975 1454 1123 1530 302,
1171 1457 1296 1518 313
1343 1476 1440 1538 sq.
1472 1456 1571 1537 118
1612 1480 1735 1521 non
1778 1456 1899 1521 alio
1942 1479 2114 1541 rege:
2180 1458 2261 1519 cf.

324 1540 562 1605 Bernh.
605 1539 761 1603 hist.
807 1538 927 1603 litt.
973 1561 1129 1603 rom.
1177 1539 1325 1603 adn.
1362 1543 1464 1615 29,
1512 1542 1685 1625 quod
1730 1563 1957 1605 moneo
2001 1558 2265 1626 propter

324 1628 439 1691 vul
489 1639 659 1689 atam
717 1625 1304 1708 interpretationem
1336 1626 1360 1703 ΙΙ
1396 1628 1473 1691 12
1518 1650 1749 1693 morem
1792 1630 1859 1690 in
1899 1627 2158 1690 salium:
2206 1650 2263 1688 v.

323 1712 407 1777 ad
487 1710 538 1774 Ι.
571 1712 758 1776 2.18.
807 1745 888 1755 -—-
937 1708 1218 1774 CARM.
1256 1708 1633 1777 XXXVII.
1682 1713 1763 1776 cf.
1811 1710 2154 1797 Naegelsb.
2198 1712 2264 1773 in

321 1796 634 1865 Miinchn.
658 1794 780 1880 gel.
799 1796 966 1859 Anz.
991 1796 1174 1861 1842.
1201 1794 1289 1857 Π.
1309 1817 1369 1878 p.
1387 1796 1513 1859 437
1537 1820 1631 1881 sq.
1656 1798 2073 1881 gravissimas
2100 1816 2265 1877 quae

323 1885 390 1947 in
438 1883 560 1946 hoc
608 1881 886 1945 carmine
930 1882 1152 1943 insunt
1189 1882 1589 1964 corruptelas
1636 1884 1985 1949 nemodum
2029 1882 2263 1967 proba-

299 1968 444 2047 ,bili
491 1968 708 2049 aliqua
749 1969 1001 2029 ratione
1048 1987 1273 2030 sanare
1320 1966 1553 2051 potuit.
1603 1989 1663 2031 v.
1718 1972 1792 2032 10
1841 1968 1895 2030 Β
1941 1968 2107 2033 coni.
2154 1992 2263 2053 op-

320 2054 751 2139 probriorum,
797 2074 854 2114 v.
908 2052 986 2114 14
1029 2078 1062 2112 a
1105 2055 1427 2117 mareotico
1474 2049 1764 2117 GHerm.
1813 2054 1999 2117 elem.
2064 2054 2265 2117 doctr.

297 2154 534 2303 ,ffiffi
558 2139 818 2286 'iiiiii'
851 2136 2268 2309 ‘1⁶1²isffassssmg‘ssffiss’msfffi'snssssissieeffifnz‘l

325 2332 443 2395 pro
487 2307 800 2373 librorum
859 2306 1180 2391 scriptura
1224 2309 1411 2373 classe
1456 2310 1576 2373 cita
1620 2312 1935 2394 reparavit
1978 2334 2133 2380 orac,
2161 2332 2267 2373 re·

323 2395 466 2479 cepi
511 2394 838 2459 sollicitare
871 2396 1125 2476 pao-avit
1171 2416 1330 2457 oras.
1364 2416 1571 2477 nuper
1594 2394 1713 2478 Ply
1740 2401 1885 2475 (em.
1910 2396 2078 2459 Ven.
2106 2417 2169 2478 p.
2197 2400 2267 2474 v)

325 2481 662 2565 temptavit
703 2478 874 2542 clade
903 2488 1118 2543 iterare
1139 2481 1387 2561 paravit
1412 2503 1550 2543 ora-s
1581 2482 1743 2543 conl.
1769 2482 1890 2547 III.
1911 2486 1966 2547 3.
1991 2485 2063 2548 51
2102 2482 2128 2564 Η
2160 2482 2267 2547 25.

325 2570 406 2633 26
467 2566 544 2628 de
597 2563 861 2627 alterius
924 2576 977 2625 et
1037 2566 1412 2628 traiectione
1470 2567 1550 2628 cf.
1614 2565 1691 2629 B.
1758 2566 1838 2629 ad
1885 2568 2008 2633 ΙΙΙ.
2054 2568 2112 2629 4.
2160 2572 2269 2633 69.

323 2652 410 2715 Η.
459 2650 806 2713 observatt.
865 2650 1004 2711 crit.
1053 2650 1259 2733 (Lips.
1317 2648 1511 2732 1841)
1570 2673 1632 2735 p.
1672 2653 1775 2715 49.
1840 2692 1916 2701 -—
1984 2652 2269 2717 CARM.

323 2732 735 2801 XXXVIII.
784 2737 821 2795 6
869 2734 950 2795 cf.
990 2734 1259 2798 Lachm.
1306 2736 1387 2797 ad
1433 2734 1513 2798 L.
1547 2758 1609 2820 p.
1650 2738 1795 2801 363.
1836 2742 2025 2813 †euro
2071 2738 2145 2803 M
2180 2745 2271 2819 (v.

321 2824 522 2904 praef.
563 2826 684 2895 xl).
732 2842 882 2883 cura
927 2822 1088 2885 coni.
1132 2821 1209 2885 B.
1256 2821 1415 2883 m'hil
1456 2822 1789 2886 adlabores
1835 2826 2113 2889 sedulum
2158 2852 2270 2890 cu-

319 2932 427 2971 rae
471 2930 666 2990 neque
710 2904 782 2967 P.
833 2941 909 2949 --*

904 3114 1348 3176 cAfflva
1389 3116 1543 3177 LIB.
1588 3116 1674 3175 11.

500 3247 785 3315 CARM.
833 3249 884 3313 Ι.
926 3252 964 3310 6
1016 3248 1200 3313 Haec
1256 3266 1429 3313 recte
1483 3251 1796 3315 intellexit
1851 3252 2275 3339 Doeringius.

325 3334 404 3397 cf.
469 3332 828 3397 Drumann.
899 3334 1046 3398 hist.
1105 3358 1261 3399 rom.
1316 3334 1442 3399 111.
1496 3340 1622 3403 420
1692 3339 1834 3404 adn.
1896 3342 1997 3405 80.
2069 3341 2275 3422 (male

325 3418 552 3493 Orell.)
586 3420 610 3501 ΙΙ
646 3442 699 3480 ν.
741 3423 817 3483 19
855 3441 949 3500 sq.
995 3420 1078 3483 ad
1122 3421 1329 3507 ipsam
1362 3422 1793 3489 Pharsalicam
1844 3446 2123 3509 pugnam
2168 3450 2274 3491 re-

323 3506 566 3590 spicere
629 3503 788 3568 scite
845 3502 1210 3571 observavit
1267 3508 1360 3573 M.
1408 3511 1473 3573 in
1520 3513 1714 3594 praef.
1761 3530 1877 3573 ΧΠ.
1924 3512 2113 3580 etiam
2158 3534 2269 3577 vv.
