2459 3959
938 294 1084 353 LIB.
1127 294 1178 353 Ι.
1229 299 1472 351 28—-31

1118 476 1301 531 XXX

369 623 420 679 O
465 624 660 679 Venus
705 624 900 697 regina
943 623 1106 679 Cnidi
1148 623 1457 697 Paphique,

370 728 573 783 sperne
619 709 877 765 dilectam
924 709 1148 781 Cypron
1195 717 1254 764 et
1294 708 1549 763 vocantis

369 804 498 851 ture
541 803 600 849 te
643 795 820 851 multo
867 795 1140 866 Glycerae
1183 796 1441 849 decoram

453 882 692 937 transfer
733 880 794 937 in
837 882 1050 935 aedem.

279 1017 316 1066 5
365 1009 612 1066 fervidus
655 1016 842 1063 tecum
882 1026 1025 1080 puer
1068 1014 1127 1062 et
1171 1005 1369 1062 solutis

371 1095 603 1150 Gratiae
645 1093 800 1149 zonis
844 1099 1259 1166 properentque
1301 1092 1595 1165 Nymphae

369 1189 429 1235 et
468 1198 667 1252 parum
712 1180 880 1234 comis
925 1178 1044 1233 sine
1087 1186 1146 1233 te
1191 1177 1457 1233 Iuventas

457 1264 902 1337 Mercuriusque.

1111 1505 1322 1559 XXXI

373 1652 525 1719 Quid
570 1651 888 1705 dedicatum
929 1650 1110 1724 poscit
1153 1650 1473 1723 Apollinem

371 1746 526 1793 vates
545 1738 572 1790 ’Β
617 1736 753 1810 quid
795 1744 916 1790 orat
961 1739 1031 1790 de
1076 1744 1271 1808 patera
1312 1754 1517 1790 novum

456 1824 695 1877 fundens
739 1821 1054 1894 liquorem?
1098 1841 1209 1876 non
1258 1822 1472 1894 opimae

545 1907 835 1963 Sardiniae
879 1916 1097 1979 segetes
1140 1908 1337 1962 feracis

292 2046 322 2095 5
374 2056 485 2092 non
529 2044 822 2092 aestuosae
866 2036 982 2089 lata
1027 2036 1317 2091 Calabriae

371 2131 634 2190 armenta,
677 2140 790 2176 non
833 2139 1027 2175 aurum
1069 2129 1165 2175 aut
1209 2122 1347 2175 ebur
1389 2120 1644 2176 Indicum

457 2228 570 2264 non
613 2226 744 2262 rura
786 2224 931 2280 quae
973 2205 1121 2261 Liris
1168 2206 1359 2278 quieta

541 2296 758 2348 mordet
801 2310 946 2363 aqua
989 2292 1299 2346 taciturnus
1345 2290 1541 2345 amnis.

375 2424 654 2496 [premant
698 2420 906 2476 Calena
947 2420 1087 2475 falce
1132 2420 1331 2491 quibus
1377 2419 1533 2474 dedit

256 2517 328 2565 10
374 2510 625 2565 Fortuna
668 2506 854 2574 vitem,
901 2506 1055 2561 dives
1101 2514 1158 2559 et
1201 2505 1395 2560 aureis-

459 2600 739 2649 mercator
781 2591 1023 2646 exsiccet
1067 2590 1288 2645 culullis

548 2678 678 2732 vina
721 2676 862 2749 Syra
902 2683 1162 2747 reparata
1204 2694 1409 2745 merce,

377 2806 462 2861 dis
507 2824 664 2861 carus
708 2803 864 2876 ipsis,
910 2803 1115 2876 quippe
1157 2811 1246 2857 ter
1290 2811 1347 2858 et
1389 2812 1588 2876 quater

377 2911 522 2947 anno
564 2890 812 2946 revisens
857 2907 1063 2961 aequor
1105 2888 1455 2943 Atlanticum

261 2984 330 3034 15
463 2978 701 3049 inpune:
746 2994 834 3030 me
875 2980 1110 3047 pascunt
1153 2973 1350 3041 olivae,

536 3080 626 3118 me
669 3060 924 3117 cichorea
965 3060 1226 3131 levesque
1272 3055 1537 3124 malvae]

377 3191 488 3247 frui
532 3190 738 3264 paratis
783 3198 843 3245 et
873 3185 1058 3243 valido
1100 3186 1252 3254 mihi,

379 3278 575 3345 Lame,
621 3278 794 3331 dones
840 3284 898 3329 et
939 3290 1136 3346 precor
1178 3273 1403 3343 integra

464 3380 588 3417 cum
629 3370 832 3427 mente,
878 3378 981 3417 nec
1025 3367 1247 3432 turpem
1292 3364 1573 3413 senectam

263 3451 335 3504 20
546 3449 746 3519 degere
789 3465 890 3505 nec
935 3446 1145 3499 cithara
1187 3450 1484 3501 carentem.
