2459 3959
873 258 1106 312 LIBER
1147 258 1197 312 Ι.
1247 264 1409 312 3--4
2080 249 2204 314 149

422 413 573 484 quod
605 418 732 467 sunt
761 429 899 483 quos
930 429 1103 482 genus
1132 413 1238 466 hoc
1266 411 1489 466 minime
1518 409 1689 480 iuvat,
1735 411 1933 483 utpote
1976 411 2197 484 †pluris

281 502 370 552 25
426 498 635 570 culpari
681 497 897 568 dignos.
984 498 1235 568 quemvis
1278 496 1461 551 media
1506 496 1649 569 elige
1694 497 1891 550 turba:

421 593 518 637 aut
561 586 630 638 ab
665 581 896 637 avaritia
939 591 1034 636 aut
1075 581 1279 638 misera
1322 581 1622 636 ambitione
1667 582 1897 636 laborat.

420 668 511 722 hic
553 676 844 740 nuptarum
888 667 1093 722 insanit
1137 668 1435 735 amoribus,
1479 666 1570 720 hic
1612 684 1933 738 puerorum3

418 753 567 808 hunc
603 753 749 826 capit
791 753 1006 824 argenti
1051 755 1339 824 splendor-3
1386 759 1573 823 stupet
1616 751 1815 806 Albius
1860 769 2019 822 aere;

417 836 510 892 hic
551 847 726 893 mutat
767 837 966 892 mercis
1011 847 1270 910 surgente
1316 857 1349 895 a
1391 839 1509 892 sole
1552 838 1624 890 ad
1668 854 1793 891 eum
1837 855 1946 908 quo

291 924 376 976 30
422 924 742 996 vespertina
781 931 940 994 tepet
981 924 1172 995 regio,
1215 924 1349 996 quin
1392 941 1495 994 per
1538 922 1681 976 mala
1722 939 1985 994 praeceps

417 1009 595 1063 fertur
637 1009 720 1062 uti
762 1007 941 1079 pulvis
983 1009 1265 1072 conlectus
1308 1007 1549 1074 turbine,
1594 1005 1803 1079 nequid

421 1112 632 1148 summa
675 1096 946 1164 deperdat
985 1101 1237 1150 metuens
1282 1102 1381 1149 aut
1422 1092 1646 1165 ampliet
1690 1100 1753 1146 ut
1794 1110 1945 1147 rem:

420 1197 610 1233 omnes
653 1179 714 1232 hi
756 1187 1010 1234 metuunt
1052 1197 1265 1249 versus,
1310 1182 1477 1234 odere
1519 1185 1730 1250 poetas.

415 1263 655 1319 ‘foenum
699 1264 869 1319 habet
908 1264 966 1317 in
1010 1283 1197 1333 cornu,
1244 1267 1411 1336 longe
1450 1263 1608 1334 fuge:
1654 1263 1949 1318 dummodo
1994 1261 2169 1318 risum

285 1353 368 1404 35
417 1349 666 1404 excutiat
709 1349 836 1417 eibi,
882 1367 994 1405 non
1037 1350 1126 1406 hic
1169 1350 1423 1423 cuiquam
1469 1355 1658 1420 parcet
1700 1347 1913 1415 amico;

411 1447 468 1489 et
513 1436 880 1506 quodcunque
925 1435 1094 1490 semel
1138 1436 1341 1490 chartis
1386 1433 1659 1501 inleverit,
1706 1431 1882 1487 omnis

412 1519 618 1592 gestiet
661 1537 692 1572 a
733 1520 896 1574 furno
939 1520 1225 1576 redeuntis
1271 1520 1411 1576 scire
1455 1521 1705 1591 lacuque,

411 1614 470 1660 et
509 1623 708 1676 pueros
754 1613 812 1660 et
855 1607 1028 1661 anus.’
1071 1608 1331 1677 agedum,
1378 1622 1553 1676 pauca
1596 1603 1785 1675 accipe
1830 1612 2043 1658 contra.

408 1689 645 1762 primum
687 1708 793 1762 ego
838 1709 926 1744 me
967 1691 1204 1759 illorum,
1252 1689 1498 1746 dederim
1542 1689 1741 1762 quibus
1785 1707 1904 1742 esse
1948 1688 2145 1760 poetis,

278 1781 362 1830 40
411 1793 702 1847 excerpam
745 1793 1008 1831 numero:
1051 1795 1234 1848 neque
1278 1776 1423 1831 enim
1468 1774 1793 1828 concludere
1834 1792 2056 1829 versum

409 1860 618 1914 dixeris
661 1879 782 1917 esse
827 1861 988 1929 satis3
1033 1879 1212 1933 neque
1258 1860 1401 1933 siqui
1445 1861 1649 1916 scribat
1689 1859 1773 1913 uti
1814 1877 1915 1914 nos

407 1946 648 2001 sermoni
691 1946 968 2020 propiora,
1012 1955 1175 2017 putes
1219 1948 1369 2001 hunc
1413 1964 1535 2000 esse
1577 1951 1814 2017 poetam.

403 2030 689 2102 ingenium
735 2032 824 2086 cui
867 2031 956 2099 sit,
1003 2032 1092 2088 cui
1135 2051 1289 2086 mens
1335 2031 1573 2086 divinior
1616 2039 1782 2104 atque
1828 2047 1889 2084 os

403 2133 604 2186 magna
647 2131 984 2184 sumturum,
1032 2119 1128 2171 des
1173 2117 1411 2172 nominis
1456 2116 1617 2171 huius
1662 2118 1946 2172 honorem.

274 2206 358 2258 45
405 2200 612 2255 idcirco
659 2201 882 2272 quidam
925 2203 1210 2256 comoedia
1252 2220 1425 2257 necne
1469 2219 1665 2273 poema

414 2293 560 2341 esset
603 2285 941 2358 quaesivere,
985 2288 1136 2359 quod
1178 2305 1304 2343 acer
1346 2287 1570 2359 spiritus
1614 2305 1679 2342 ac
1719 2284 1800 2340 vis

414 2388 518 2426 nec
559 2370 742 2426 verbis
787 2389 888 2426 nec
929 2373 1094 2427 rebus
1137 2372 1301 2441 inest,
1346 2372 1452 2428 nisi
1496 2373 1645 2442 quod
1687 2374 1830 2442 pede
1876 2379 2027 2426 certo

409 2456 590 2512 differt
635 2457 891 2525 sermoni,
937 2475 1116 2512 sermo
1159 2476 1359 2513 merus.
1408 2456 1486 2510 ‘at
1527 2467 1685 2529 pater
1729 2457 1926 2511 ardens

407 2542 594 2610 saevit,
639 2543 791 2615 quod
833 2543 1117 2600 meretrice
1161 2562 1333 2616 nepos
1378 2541 1601 2596 insanus
1646 2542 1819 2596 amica

277 2632 358 2683 50
404 2627 548 2682 filius
593 2646 822 2684 uxorem
866 2616 1064 2701 grandi
1109 2646 1232 2683 cum
1276 2631 1408 2683 dote
1449 2635 1685 2696 recuset,

405 2713 588 2768 ebrius
633 2721 711 2782 et,
757 2732 1016 2786 magnum
1062 2715 1212 2786 quod
1259 2717 1516 2781 dedecus,
1564 2712 1809 2766 ambulet
1852 2718 1981 2765 ante

400 2796 617 2852 noctem
661 2817 783 2854 cum
825 2800 1070 2854 facibus.’
1114 2799 1384 2871 numquid
1428 2797 1763 2870 Pomponius
1807 2797 1928 2851 istis

401 2883 616 2937 audiret
657 2883 883 2951 leviora,
928 2893 1084 2956 pater
1127 2884 1174 2938 si
1217 2884 1469 2940 viveret?
1513 2901 1644 2954 ergo

404 2986 516 3022 non
561 2968 694 3022 satis
739 2977 826 3024 est
867 2970 1018 3040 puris
1063 2988 1285 3026 versum
1328 2968 1668 3042 perscribere
1710 2967 1915 3034 verbis,

272 3057 350 3107 55
400 3071 562 3125 quem
608 3053 653 3107 si
699 3054 982 3122 dissolvas,
1031 3055 1208 3127 quivis
1253 3056 1625 3111 stomachetur
1668 3055 1863 3108 eodem

397 3155 507 3209 quo
549 3149 874 3210 personatus
917 3147 1082 3212 pacto
1127 3148 1303 3213 pater.
1346 3140 1451 3207 his,
1498 3157 1603 3210 ego
1649 3157 1791 3211 quae
1834 3154 1995 3206 nunc,

401 3223 530 3276 olim
574 3241 715 3294 quae
759 3225 983 3296 scripsit
1023 3225 1287 3293 Lucilius,
1332 3225 1533 3298 eripias
1578 3222 1625 3277 si

403 3316 653 3378 tempora
669 3318 824 3364 certa
838 3312 1140 3382 modosque
1165 3321 1222 3366 et
1238 3313 1386 3383 quod
1404 3311 1555 3382 prius
1578 3307 1772 3362 ordine
1792 3306 2021 3362 verbum
2040 3314 2125 3363 est

395 3393 668 3462 posterius
711 3395 906 3462 facias,
949 3413 1295 3468 praeponens
1340 3395 1533 3450 ultima
1576 3392 1801 3465 primis3

271 3477 351 3532 60
396 3495 526 3547 non,
571 3487 634 3532 ut
677 3479 725 3535 si
767 3481 950 3536 solvas
996 3479 1310 3553 ‘postquam
1350 3479 1644 3536 Discordia
1686 3485 1869 3534 taetra
