2459 3959
245 286 368 348 140

249 453 366 505 100

250 877 366 928 105

249 1302 365 1354 110

254 1729 370 1779 115

253 2152 370 2205 120

299 3011 330 3060 5

261 3432 338 3486 10

987 287 1446 344 SATIRARVM

413 441 604 498 divisit
645 439 904 507 medium,
951 441 1255 498 fortissima
1298 440 1763 513 Tyndaridarum.

413 526 570 601 ‘quid
613 525 690 580 mi
731 525 904 598 igitur
947 527 1192 583 suades?
1238 535 1301 581 ut
1342 527 1525 582 vivam
1568 527 1825 582 Maenius
1871 535 1966 582 aut
2014 527 2109 583 sic

412 622 480 668 ut
521 613 908 668 Nomentanus
926 612 971 666 ¹?’
1013 612 1201 684 pergis
1244 611 1553 684 pugnantia
1596 629 1777 668 secum

412 699 687 754 frontibus
731 697 978 752 adversis
1024 715 1359 769 conponere.
1402 717 1513 753 non
1562 716 1668 770 ego
1714 715 1939 752 avarum

413 803 536 840 cum
585 789 712 836 veto
756 789 814 836 te
857 782 996 850 fieri,
1041 801 1279 855 vappam
1322 783 1487 839 iubeo
1530 803 1599 840 ac
1639 784 1995 838 nebulonem.

416 880 500 926 est
544 868 691 922 inter
733 867 952 922 Tanain
995 869 1261 940 quiddam
1306 885 1669 942 socerumque
1710 867 1940 924 Viselli:

413 963 498 1011 est
541 955 737 1008 modus
781 952 838 1006 in
883 955 1066 1021 rebus,
1111 961 1243 1008 sunt
1284 953 1422 1009 certi
1465 957 1705 1026 denique
1729 955 1885 1020 fines,

415 1059 552 1113 quos
595 1039 744 1094 ultra
787 1037 1036 1110 citraque
1081 1039 1279 1110 nequit
1320 1039 1626 1096 consistere
1672 1048 1903 1096 rectum.

411 1126 546 1180 illuc
587 1125 736 1179 unde
779 1122 892 1178 abii
935 1125 1134 1188 redeo,
1180 1124 1276 1196 qui
1320 1143 1499 1192 neme,
1547 1135 1609 1181 ut
1653 1142 1866 1190 avarus,

413 1229 475 1266 se
517 1211 716 1282 probet
758 1225 824 1262 ac
867 1209 1054 1281 potius
1097 1210 1292 1264 laudet
1335 1210 1553 1266 diversa
1597 1209 1901 1282 sequentis,

413 1297 674 1369 quodque
717 1293 900 1349 aliena
942 1295 1152 1366 capella
1197 1302 1357 1366 gerat
1402 1295 1700 1350 distentius
1743 1296 1899 1362 uber,

415 1383 684 1448 tabescat,
731 1397 914 1451 neque
957 1397 1018 1434 se
1059 1379 1255 1434 maiori
1300 1380 1687 1453 pauperiorum

413 1468 608 1521 turbae
653 1474 934 1535 conparet,
980 1466 1126 1521 hunc
1169 1473 1337 1537 atque
1380 1466 1527 1521 hune
1570 1482 1834 1538 superare
1878 1465 2116 1534 laboret,

388 1553 497 1608 ·sic
538 1550 828 1606 festinanti
873 1568 1093 1622 semper
1135 1551 1469 1623 locupletior
1512 1554 1714 1620 obstet,

415 1645 496 1705 ut,
544 1653 669 1690 cum
715 1635 1028 1691 carceribus
1073 1636 1271 1690 missos
1313 1637 1463 1708 rapit
1504 1638 1717 1710 ungula
1758 1655 1970 1704 currus,

417 1723 590 1777 instat
631 1721 788 1792 equis
833 1720 1026 1792 auriga
1068 1739 1197 1776 suos
1242 1722 1607 1791 vincentibus,
1650 1723 1806 1778 illum

418 1805 779 1880 praeteritum
820 1813 1074 1860 temnens
1119 1813 1399 1862 extremos
1442 1807 1587 1862 inter
1632 1815 1875 1863 euntem.

413 1893 545 1947 inde
586 1892 650 1945 fit
692 1900 758 1946 ut
803 1909 948 1959 rar0,
995 1891 1092 1963 qui
1137 1910 1196 1946 se
1245 1892 1447 1948 vixisse
1492 1895 1715 1948 beatum

413 1978 560 2033 dicat
603 1985 660 2032 et
693 1985 890 2032 exact-o
936 1986 1230 2032 contentus
1274 1985 1525 2052 tempore
1570 1978 1686 2034 vita

415 2065 578 2118 cedat
619 2061 705 2117 uti
749 2063 981 2117 conviva
1025 2072 1196 2130 satur,
1242 2064 1489 2136 reperire
1532 2082 1817 2136 queamus.

413 2149 525 2203 iam
568 2147 701 2202 satis
745 2156 852 2204 est.
898 2167 970 2202 ne
1015 2167 1102 2202 me
1147 2148 1392 2221 Crispini
1434 2149 1639 2204 scrinia
1677 2149 1819 2222 lippi

419 2233 731 2306 conpilasse
774 2241 954 2306 putes,
1000 2235 1228 2288 verbum
1274 2253 1387 2289 non
1432 2235 1665 2307 amplius
1710 2237 1929 2290 addam.

1191 2516 1253 2572 Π

377 2660 812 2718 Ambubaiarum
859 2663 1125 2736 conlegia,
1170 2665 1655 2737 pharmacopolae,

376 2747 616 2804 mendici
656 2749 854 2804 mimae
913 2750 1245 2817 balatrones,
1289 2750 1395 2804 hoc
1437 2767 1615 2821 genus
1660 2765 1821 2804 omne

379 2841 649 2889 maestum
692 2853 756 2890 ac
801 2835 1095 2890 sollicitum
1141 2844 1226 2890 est
1270 2837 1510 2892 cantoris
1554 2842 1731 2889 morte
1776 2833 2004 2906 Tigelli.

379 2919 586 2992 quippe
629 2920 901 2993 benignus
946 2929 1081 2975 erat.
1127 2929 1322 2976 contra
1364 2922 1471 2988 hic,
1517 2938 1589 2974 ne
1632 2918 1899 2992 prodigus
1942 2935 2067 2974 esse

382 3006 598 3060 dicatur
638 3015 912 3073 metuens,
957 3005 1111 3078 inopi
1141 3008 1273 3060 dare
1314 3006 1457 3060 nolit
1500 3005 1699 3074 amico,

377 3091 552 3162 frigus
596 3111 708 3164 quo
751 3094 1055 3164 duramque
1097 3093 1297 3146 famem
1340 3091 1649 3164 propellere
1692 3089 1887 3162 possit.

379 3177 526 3231 hunc
567 3177 614 3232 si
656 3176 1000 3250 perconteris
1044 3177 1131 3231 avi
1175 3196 1274 3232 cur
1316 3187 1483 3248 atque
1524 3175 1773 3248 parentis

378 3263 716 3333 praeclaram
759 3263 976 3335 ingrata
1019 3262 1258 3334 stringat
1300 3265 1475 3318 malus
1516 3261 1765 3334 ingluvie
1807 3279 1946 3317 rem.

381 3347 566 3400 omnia
607 3349 897 3403 conductis
941 3365 1194 3402 coemens
1240 3347 1469 3402 obsonia
1511 3347 1775 3402 nummis:

383 3431 636 3486 sordidus
681 3442 850 3505 atque
895 3432 1062 3488 animi
1107 3433 1257 3503 quod
1300 3433 1459 3503 parvi
1501 3431 1642 3487 nolit
1684 3433 1897 3501 haberi,

382 3518 698 3588 respondet.
741 3519 1000 3574 laudatur
1041 3519 1112 3572 ab
1155 3517 1261 3584 his,
1306 3518 1562 3590 culpatur
1603 3519 1675 3572 ab
1718 3517 1851 3576 illis.
