2459 3959
167 849 253 896 40

177 1276 261 1323 45

177 1699 264 1751 50

886 347 1117 402 LIBER
1158 349 1206 404 1.
1262 355 1420 402 8-9
2012 342 2132 404 161

297 519 374 558 ne
417 503 566 558 foret
608 500 693 557 his
737 501 916 568 testis,
963 511 1090 572 post
1133 520 1335 574 magna
1380 501 1553 556 latere
1600 503 1873 574 sepulcra.

298 587 542 642 mentior
585 596 643 642 at
686 586 887 659 siquid,
935 587 1138 642 merdis
1181 599 1349 658 caput
1392 587 1651 659 inquiner
1694 588 1835 643 albis

301 688 638 740 corvorum3
686 683 852 744 atque
897 672 954 726 in
999 691 1088 726 me
1118 673 1309 728 veniat
1352 673 1578 726 mictum
1624 685 1792 744 atque
1838 683 2091 730 cacatum

299 758 498 826 Iulius,
545 768 602 813 et
645 757 859 830 fragilis
903 757 1182 825 Pediatia,
1228 758 1429 829 furque
1464 759 1516 811 V
1520 778 1741 812 Oranus,

306 843 530 916 singula
574 843 708 915 quid
752 861 1068 910 memorem,
1115 861 1227 916 quo
1272 852 1437 915 pacto
1482 845 1695 898 alterna
1739 845 2032 916 loquentes

303 931 534 985 umbrae
580 946 706 983 cum
751 931 971 1000 Sagana
1011 929 1327 984 resonarint
1370 929 1530 983 triste
1575 941 1630 983 et
1675 944 1919 1000 acutum,

301 1023 477 1086 utque
517 1014 637 1086 lupi
679 1015 910 1069 barbam
953 1013 1137 1069 variae
1182 1032 1306 1068 cum
1352 1016 1519 1068 dente
1565 1015 1828 1070 colubrae

302 1099 622 1154 abdiderint
665 1101 856 1154 furtim
902 1099 1084 1164 terris,
1131 1108 1190 1154 et
1237 1099 1476 1171 imagine
1523 1118 1685 1154 cerea

305 1184 517 1257 largior
561 1185 758 1240 arserit
799 1184 965 1256 ignia,
1013 1193 1070 1238 et
1114 1194 1175 1238 ut
1218 1203 1331 1239 non
1374 1185 1536 1239 testis
1583 1185 1791 1240 inultus

315 1269 600 1325 obruerim
642 1288 810 1325 voces
853 1271 1146 1324 Furiarum
1191 1280 1251 1324 et
1290 1271 1439 1324 facta
1483 1271 1759 1325 duarum?

307 1372 438 1410 nam
483 1354 732 1427 displosa
774 1363 936 1411 sonat
978 1364 1250 1427 quantum
1294 1356 1497 1420 vesica,
1542 1357 1748 1428 pepedi

308 1440 521 1495 diffissa
563 1449 694 1496 nate
739 1442 902 1495 fieus:
948 1449 1006 1493 at
1049 1439 1178 1495 illae
1223 1459 1445 1496 currere
1490 1441 1547 1494 in
1596 1443 1808 1496 urbem.

310 1525 578 1581 Canidiae
623 1528 837 1592 dentes,
883 1527 1058 1580 altum
1103 1525 1357 1597 Saganae
1402 1526 1741 1582 caliendrum

309 1609 572 1666 excidere
615 1620 784 1684 atque
828 1612 1032 1666 herbas
1077 1621 1249 1683 atque
1293 1611 1577 1666 incantata
1620 1612 1842 1666 lacertis

311 1696 534 1752 vincula
577 1715 702 1752 cum
746 1714 950 1769 magno
992 1695 1220 1768 risuque
1267 1697 1501 1768 iocoque
1548 1698 1783 1752 videres.

1118 1979 1208 2033 IX

215 2185 225 2193 .
310 2124 472 2179 Ibam
514 2125 658 2179 forte
700 2125 793 2180 via
837 2143 1010 2194 sacra,
1058 2127 1206 2181 sicut
1247 2144 1404 2182 meus
1449 2135 1537 2181 est
1578 2143 1717 2192 mos,

193 2901 268 2948 10

197 3326 270 3374 15

314 2209 502 2264 nescio
546 2211 682 2283 quid
727 2211 1002 2266 meditans
1044 2230 1335 2283 nugarum,
1381 2220 1532 2266 totus
1576 2212 1634 2266 in
1679 2211 1811 2267 illis.

315 2295 554 2350 accurrit
596 2296 822 2367 quidam
867 2306 1032 2354 notus
1076 2297 1212 2351 mihi
1243 2297 1465 2352 nomine
1492 2306 1734 2364 tantum,

313 2390 647 2453 arreptaque
691 2400 858 2436 manu
903 2382 1059 2455 ‘qnid
1104 2383 1245 2455 agis,
1292 2382 1613 2438 dulcissime
1656 2382 1901 2438 rerum?'

316 2465 596 2534 ‘suaviter,
627 2477 691 2522 ut
713 2485 860 2522 nunc
890 2470 992 2524 est’
1015 2468 1261 2541 inquam,
1292 2465 1372 2522 ‘et
1400 2468 1563 2540 cupio
1590 2467 1777 2524 omnia
1806 2487 1949 2540 quae
1974 2467 2099 2522 vis)

314 2569 440 2606 cum
483 2554 879 2621 adsectaretur,
927 2552 1076 2609 ‘num
1121 2553 1255 2626 quid
1281 2553 1363 2609 vis
1384 2553 1429 2606 ’Υ
1474 2571 1704 2626 occupo.
1752 2563 1810 2608 at
1854 2554 1950 2607 ille

316 2636 488 2691 ‘noris
532 2638 651 2693 nos‘
694 2638 912 2711 inquit3
956 2636 1129 2694 ‘docti
1173 2639 1399 2693 sumus!
1442 2638 1533 2694 hic
1577 2657 1683 2712 ego
1730 2637 1925 2712 ‘pluris

316 2722 440 2776 hoc'
481 2721 707 2794 inquam
753 2724 902 2779 ‘mihi
949 2723 1099 2780 eris.’
1142 2725 1343 2779 misere
1388 2723 1673 2779 discedere
1717 2742 2013 2797 quaerens,

315 2807 398 2862 ire
440 2810 606 2863 modo
650 2809 823 2878 ocius,
867 2809 1145 2865 interdum
1187 2809 1506 2878 consistere,
1558 2809 1618 2863 in
1662 2828 1851 2864 aurem

320 2892 507 2947 dicere
551 2896 736 2950 nescio
782 2894 916 2968 quid
960 2913 1157 2968 puero,
1205 2912 1330 2950 cum
1374 2897 1545 2950 sudor
1587 2897 1660 2950 ad
1702 2895 1843 2950 imos

318 2988 572 3033 manaret
614 2981 774 3036 talos.
823 2981 873 3035 ‘o
917 2990 993 3047 te,
1040 2980 1274 3047 Bolane‚
1322 2981 1538 3036 cerebri

317 3062 555 3118 felicem’
599 3066 814 3122 aiebam
855 3067 1076 3134 tacitus,
1124 3083 1250 3121 cum
1293 3066 1572 3140 quidlibet
1612 3066 1711 3121 ille

321 3148 578 3220 garriret,
621 3151 792 3218 vicos,
839 3154 1033 3207 urbem
1074 3153 1348 3207 laudaret.
1392 3160 1456 3206 ut
1498 3151 1587 3205 illi

319 3233 400 3288 nil
440 3239 865 3308 respondebam,
910 3234 1130 3294 ‘misere
1176 3238 1351 3310 cupis'
1392 3234 1576 3309 inquit
1622 3231 1831 3290 ‘abiret

317 3320 624 3378 iandudnm
665 3324 860 3379 video:
906 3324 1008 3379 sed
1049 3324 1130 3377 nil
1177 3324 1329 3395 agis3
1376 3340 1554 3395 usque
1596 3324 1829 3390 teneb03

319 3423 626 3479 prosequar
652 3408 784 3463 hinc
805 3427 917 3481 quo
948 3425 1095 3463 nunc
1123 3409 1230 3464 iter
1261 3417 1345 3464 est
1372 3399 1519 3466 tibi?
1544 3405 1663 3485 '‘nil
1707 3425 1849 3479 opus
1893 3415 1980 3461 est
2023 3414 2083 3462 te

321 3490 650 3566 circumagi:
696 3496 976 3567 quendam
1017 3494 1146 3550 volo
1190 3493 1373 3549 visere
1417 3512 1531 3548 non
1573 3493 1678 3548 tibi
1722 3500 1941 3548 notum:

326 3585 483 3634 trans
507 3579 754 3636 Tiberim
797 3581 964 3652 longe
1006 3580 1170 3635 cubat
1215 3578 1280 3648 is,
1326 3598 1500 3652 prope
1547 3577 1800 3635 Caesaris
1844 3576 2073 3631 hortos!

285 3663 486 3706 amem
1655 3658 1721 3716 11
