2459 3959
319 285 406 347 52
1087 296 1513 355 CARMINVM

1244 451 1366 506 XX

444 576 577 632 Non
621 576 826 634 usitata
870 596 974 635 nec
1017 579 1174 635 tenui
1219 579 1368 634 ferar

442 663 614 735 pinna
656 664 905 720 biformis
948 683 1051 738 per
1091 665 1365 736 liquidum
1410 665 1645 722 aethera

539 756 717 817 vates,
765 768 948 823 neque
992 750 1050 805 in
1094 751 1261 805 terris
1305 752 1563 807 morabor

612 834 833 908 longius
873 835 1197 908 invidiaque
1242 834 1419 891 maior

362 969 393 1017 5
442 963 594 1018 urbis
637 962 980 1035 relinquam3
1025 981 1136 1018 non
1183 981 1292 1036 ego
1339 981 1650 1036 pauperum

457 1047 683 1120 sanguis
727 1057 1041 1120 parentum,
1086 1067 1199 1104 non
1244 1067 1351 1122 ego
1397 1067 1564 1121 quem
1607 1065 1797 1119 vocas,

523 1134 727 1190 dilecte
770 1134 1084 1202 Maecenas,
1129 1135 1298 1189 obibo

611 1237 715 1275 nec
759 1219 954 1292 Stygia
999 1219 1305 1275 cohibebor
1347 1222 1520 1277 unda.

442 1346 575 1415 [iam
619 1348 730 1402 iam
773 1348 1029 1404 residunt
1073 1348 1326 1404 cruribus
1371 1366 1607 1420 asperae

315 1439 388 1488 10
435 1433 636 1506 pelles,
683 1441 742 1489 et
783 1434 972 1488 album
1017 1442 1202 1489 mutor
1247 1434 1305 1488 in
1350 1434 1540 1490 alitem

522 1537 780 1592 superne,
825 1526 1242 1592 nascunturque
1287 1520 1441 1574 leves

601 1622 704 1677 per
746 1604 950 1678 digitos
997 1623 1326 1678 umerosque
1367 1601 1639 1678 plumam]

430 1733 541 1788 iam
584 1733 872 1789 Daedaleo
915 1734 1089 1789 tutior
1129 1733 1291 1788 Icaro

428 1818 602 1873 visam
645 1818 916 1891 gementis
961 1820 1128 1873 litora
1169 1816 1411 1891 Bospori

287 1910 380 1960 15
515 1903 806 1977 Syrtisque
851 1903 1113 1960 Gaetulas
1159 1921 1393 1960 canorus

598 1990 712 2045 ales
756 1991 1263 2063 Hyperboreosque
1308 2006 1549 2062 campos.

427 2137 516 2175 me
561 2119 796 2176 Colchus
842 2128 900 2176 et
943 2120 1039 2194 qui
1083 2118 1395 2176 dissimulat
1435 2127 1647 2175 metum

423 2206 642 2262 Marsae
685 2207 927 2262 cohortis
973 2207 1156 2262 Dacus
1201 2213 1261 2261 et
1302 2205 1483 2260 ultimi

511 2300 740 2347 noscent
784 2291 1002 2361 Geloni,
1047 2311 1134 2348 me
1177 2291 1393 2364 peritus

299 2383 374 2434 20
597 2376 780 2432 discet
819 2377 1000 2432 Hiber
1043 2377 1415 2452 Rhodanique
1460 2385 1643 2450 potor.

430 2505 619 2561 absint
659 2505 814 2560 inani
855 2506 1050 2561 funere
1093 2506 1295 2561 neniae

422 2593 715 2664 luctusque
755 2598 945 2663 turpes
992 2599 1050 2646 et
1092 2589 1501 2663 querimoniae:

512 2694 780 2748 conpesce
821 2677 1115 2732 clamorem
1158 2694 1223 2732 ac
1268 2676 1507 2749 sepulcri

590 2762 748 2819 mitte
793 2781 1161 2835 supervacuos
1205 2763 1467 2820 honores.
