2459 3959
304 281 430 344 116
1104 293 1425 350 EPODON

426 461 663 518 pecusve
707 444 955 501 Calabris
999 453 1128 502 ante
1173 447 1326 503 sidus
1369 448 1641 504 fervidum

509 529 732 585 Lucana
773 537 949 586 mutet
992 531 1230 604 pascuis,

424 633 604 686 neque
646 623 709 670 ut
751 616 975 688 superni
1017 617 1151 672 villa
1197 619 1439 674 candens
1485 619 1716 674 Tusculi

303 702 378 754 80
510 701 736 756 Circaea
775 709 970 774 tangat
1010 702 1243 758 moenia.

429 786 563 842 satis
609 804 880 859 superque
923 807 1010 843 me
1053 788 1367 861 benignitas
1409 797 1507 844 tua

507 871 740 926 ditavit:
781 873 930 927 haud
973 891 1241 945 paravero

420 960 570 1030 quod
613 964 708 1011 aut
750 975 942 1012 avarus
987 966 1049 1012 ut
1093 958 1355 1014 Chremes
1400 965 1550 1014 terra
1594 979 1859 1033 premam,

505 1042 804 1098 discinctus
849 1052 943 1098 aut
984 1045 1214 1115 perdam
1258 1051 1321 1098 ut
1362 1063 1559 1118 nepos.

1199 1326 1261 1382 11

416 1471 638 1528 ‘Beatus
682 1472 778 1527 ille
822 1471 919 1544 qui
960 1471 1155 1544 procul
1200 1471 1463 1544 negotiis,

496 1565 560 1614 ut
599 1557 780 1631 prisca
821 1576 956 1630 gens
1000 1557 1333 1626 mortalium,

410 1652 640 1717 paterna
680 1661 810 1698 rura
851 1644 1028 1698 bobus
1071 1651 1293 1698 exercet
1335 1643 1446 1698 suis

498 1731 711 1784 solutus
754 1728 902 1782 omni
944 1728 1153 1797 fenore,

334 1824 365 1872 5
413 1833 593 1887 neque
638 1813 911 1870 excitatur
953 1814 1178 1870 classico
1222 1814 1381 1870 miles
1423 1815 1568 1870 truci

497 1918 677 1973 neque
719 1900 909 1954 horret
949 1899 1150 1953 iratum
1177 1917 1353 1968 mare,

408 1987 696 2059 forumque
738 1985 878 2040 vitat
923 1992 980 2040 et
1021 1985 1259 2056 superba
1301 1985 1499 2040 civium

490 2071 864 2144 potentiorum
904 2069 1110 2124 limina.

411 2173 543 2228 ergo
589 2166 684 2212 aut
726 2156 916 2213 adulta
957 2156 1152 2210 vitium
1191 2153 1496 2228 propagine

287 2247 363 2300 10
493 2243 632 2298 altas
676 2241 895 2296 maritat
936 2242 1188 2313 populos,

407 2335 502 2382 aut
545 2327 603 2381 in
644 2329 875 2400 reducta
916 2326 1060 2382 valle
1105 2324 1469 2398 mugientium

490 2419 802 2485 prospectat
843 2411 1076 2467 errantis
1120 2429 1336 2484 greges,

403 2497 688 2553 inutilisve
731 2498 871 2551 falce
914 2515 1094 2551 ramos
1138 2505 1429 2569 amputans

487 2582 758 2638 feliciores
802 2582 1018 2649 inserit,

284 2675 356 2723 15
405 2675 501 2722 aut
541 2686 732 2739 pressa
773 2667 926 2740 puris
971 2667 1131 2722 mella
1178 2667 1364 2724 condit
1410 2669 1685 2744 amphoris

488 2759 584 2807 aut
626 2755 824 2808 tondet
864 2753 1106 2807 infirmas
1152 2752 1301 2808 ovis:

403 2837 492 2892 vel
535 2856 657 2892 cum
700 2839 957 2893 decorum
1001 2837 1225 2894 mitibus
1270 2838 1447 2910 pomis
1495 2846 1659 2912 caput

487 2922 800 2978 Autumnus
845 2923 991 2994 agris
1035 2923 1256 2992 extulit,

402 3017 466 3063 ut
512 3011 718 3080 gaudet
760 3007 987 3063 insitiva
1031 3010 1333 3081 decerpens
1376 3027 1530 3082 pyra,

279 3099 354 3150 20
485 3102 785 3149 certantem
831 3101 886 3148 et
930 3112 1090 3148 uvam
1135 3113 1431 3167 purpurae,

399 3197 509 3253 qua
551 3187 870 3234 muneretur
910 3187 988 3246 te,
1031 3179 1251 3252 Priape,
1296 3189 1355 3236 et
1396 3189 1473 3250 te,
1516 3189 1675 3252 pater

487 3265 728 3331 Silvane,
772 3273 923 3320 tutor
965 3265 1174 3320 finium.

399 3349 536 3406 libet
578 3349 758 3405 iacere
800 3353 966 3405 modo
1010 3354 1112 3407 sub
1157 3350 1385 3424 antiqua
1426 3350 1573 3418 ilice,

481 3438 644 3490 modo
688 3435 746 3490 in
788 3436 967 3491 tenaci
1010 3435 1278 3510 gramine.
