2459 3959
298 264 429 329 220
951 270 1508 327 EPISTVLARVM

436 436 554 495 aut,
598 426 645 481 si
694 444 803 481 non
850 426 992 493 odit,
1036 424 1181 499 regit
1224 440 1290 479 ac
1334 423 1506 479 veluti
1547 423 1642 495 pia
1684 432 1860 479 mater

422 513 546 583 plus
592 529 757 583 quam
804 528 861 565 se
906 527 1100 583 sapere
1144 518 1201 565 et
1243 508 1546 565 virtutibus
1591 525 1714 563 esse
1757 509 1998 581 priorem

423 596 541 651 volt
584 606 641 651 et
684 596 765 651 ait
806 614 982 667 prope
1023 612 1180 651 vera:
1226 590 1405 651 ‘meae
1447 621 1534 631 —-
1575 596 1910 651 contendere
1955 596 2072 649 noli
2113 625 2220 635 —-

435 682 724 736 stultitiam
771 680 1059 753 patiuntur
1103 698 1272 753 opes:
1317 680 1422 737 tibi
1463 680 1693 751 parvola
1736 698 1826 735 res
1871 690 1974 735 est.

310 772 385 822 30
438 776 561 821 arta
608 768 775 821 decet
818 785 1013 821 sanum
1058 766 1318 821 comitem
1363 775 1530 839 toga:
1575 765 1767 821 desine
1809 784 2025 823 meeum

424 853 675 907 certare!
722 853 1065 925 Eutrapelus
1110 851 1422 925 cuicunque
1466 869 1668 907 nocere
1714 852 1954 915 volebat,

425 938 761 993 vestimenta
804 939 976 993 dabat
1019 936 1298 1009 pretiosa:
1345 933 1562 993 ‘beatus
1605 936 1754 993 enim
1798 938 1906 991 iam

426 1043 549 1079 cum
594 1023 838 1095 pulchris
882 1021 1085 1077 tunicis
1130 1031 1313 1078 sumet
1355 1040 1504 1077 nova
1545 1022 1784 1077 consilia
1825 1033 1880 1077 et
1927 1041 2080 1094 spes,

425 1108 665 1164 dormiet
707 1108 763 1162 in
808 1108 1007 1175 lucem,
1053 1116 1240 1163 scorto
1283 1116 1582 1181 postponet
1627 1109 1919 1163 honestum

306 1202 380 1250 35
432 1194 697 1261 officium,
745 1212 1001 1249 nummos
1048 1194 1261 1249 alienos
1305 1202 1511 1265 pascet,
1555 1195 1629 1248 ad
1671 1193 1842 1247 imum

426 1282 652 1335 Thraex
698 1280 805 1335 erit
847 1288 945 1334 aut
989 1279 1204 1335 olitoris
1250 1288 1382 1351 aget
1423 1282 1682 1335 mercede
1727 1280 1943 1334 caballu
1957 1280 2052 1331 ιιι]

370 1362 375 1374 “
441 1384 700 1420 arcanum
745 1383 927 1439 neque
969 1372 1031 1419 tu
1076 1363 1410 1421 scrutaberis
1453 1363 1603 1420 illius
1649 1383 1909 1437 unquam,

426 1451 873 1524 conmissumque
916 1458 1073 1523 teges
1120 1460 1179 1505 et
1220 1450 1352 1505 vino
1397 1457 1578 1504 tortus
1623 1458 1682 1505 et
1725 1450 1828 1505 ira.

430 1556 535 1592 nec
583 1547 683 1611 tua
726 1537 982 1591 laudabis
1026 1537 1211 1591 studia
1256 1544 1355 1591 aut
1395 1534 1578 1589 aliena
1619 1538 1944 1608 reprendes,

306 1624 385 1676 40
432 1641 557 1691 nec,
602 1638 729 1676 cum
775 1622 967 1677 venari
1010 1623 1163 1677 volet
1204 1621 1320 1689 ille,
1362 1630 1622 1695 poemata
1665 1640 1898 1695 panges.

431 1707 610 1781 gratia
652 1707 732 1762 sic
773 1709 1005 1763 fratrum
1049 1706 1416 1779 geminorum,
1461 1706 1794 1781 Amphionis
1840 1718 2010 1779 atque

431 1791 610 1858 Zethi,
657 1792 922 1861 dissiluit,
970 1796 1151 1847 donec
1193 1801 1456 1867 suspecta
1497 1811 1692 1847 severo

433 1876 702 1933 conticuit
745 1878 884 1949 lyra.
930 1877 1190 1935 fraternis
1239 1878 1472 1933 cessisse
1513 1885 1742 1949 putatur

433 1963 683 2019 moribus
726 1963 1037 2036 Amphion:
1083 1971 1147 2017 tu
1190 1966 1326 2021 cede
1367 1963 1616 2037 potentis
1661 1964 1820 2018 amici

306 2052 383 2101 45
430 2049 649 2105 lenibus
693 2048 961 2121 imperiis,
1006 2038 1378 2122 quotiensque
1423 2051 1626 2105 educet
1667 2049 1725 2103 in
1771 2068 1936 2117 agros

433 2134 647 2209 Aeoliis
692 2145 923 2191 onerata
966 2134 1145 2207 plagis
1190 2134 1440 2191 iumenta
1482 2152 1774 2207 canesque,

436 2238 601 2290 surge
648 2229 706 2273 et
750 2221 1077 2274 inhumanae
1124 2222 1338 2275 senium
1385 2223 1604 2293 depone
1652 2220 1950 2289 Camenae,
2003 2264 2010 2271 .

433 2323 596 2360 cenes
643 2314 704 2359 ut
746 2306 958 2377 pariter
1000 2306 1284 2377 pulmenta
1329 2306 1611 2361 laboribus
1658 2318 1870 2378 emprzu

436 2392 703 2446 Romanis
752 2392 1022 2446 sollemne
1072 2391 1205 2447 viris
1252 2410 1413 2463 opta,
1459 2392 1597 2447 utile
1640 2393 1820 2447 famae

315 2476 393 2529 50
438 2476 696 2550 vitaeque
742 2488 799 2531 et
841 2478 1125 2545 membris,
1170 2477 1502 2548 praesertim
1549 2494 1673 2533 cum
1718 2478 1903 2531 valeas
1949 2486 2008 2533 et

438 2562 528 2617 vel
572 2581 736 2637 cursu
780 2581 1044 2635 superare
1090 2580 1282 2617 canem
1328 2565 1417 2619 vel
1461 2562 1671 2617 viribus
1716 2582 1910 2633 aprum

443 2648 645 2720 possis.
693 2650 856 2718 adde,
902 2648 1085 2703 virilia
1128 2650 1284 2721 quod
1327 2648 1629 2722 speciosius
1673 2666 1826 2703 arma

438 2752 554 2789 non
594 2742 681 2789 est
724 2732 822 2807 qui
864 2741 1099 2790 tractet:
1146 2734 1256 2790 scis
1301 2753 1412 2807 quo
1456 2735 1696 2791 clamore
1743 2751 1982 2791 coronae

439 2819 654 2890 proelia
696 2818 972 2875 sustineas
1020 2818 1384 2891 campestria;
1432 2818 1674 2892 deniqne
1719 2838 1940 2875 saevam

320 2910 397 2961 55
446 2904 701 2959 militiam
744 2922 885 2977 puer
929 2912 987 2959 et
1030 2904 1364 2961 Cantabrica
1404 2905 1555 2961 bella
1595 2904 1776 2983 tulisti

438 2991 541 3045 sub
585 2990 725 3045 duce
769 2989 867 3063 qui
908 2989 1129 3063 templis
1172 2990 1504 3045 Parthorum
1548 2989 1710 3063 signa
1752 2990 1938 3063 refigit

443 3093 609 3140 nunc,
654 3083 711 3129 et
752 3074 939 3149 siquid
983 3076 1140 3132 abest
1182 3076 1345 3133 Italis
1387 3075 1675 3131 adiudicat
1717 3076 1903 3131 armis.

441 3178 510 3216 ac
552 3179 621 3215 ne
666 3168 722 3215 te
766 3160 1017 3215 retrahas
1060 3170 1118 3217 et
1156 3160 1554 3217 inexcusabilis
1599 3162 1768 3227 absis,

442 3246 695 3320 quamvis
735 3246 815 3299 nil
858 3255 1014 3315 extra
1059 3266 1344 3316 numerum
1388 3247 1583 3306 fecisse
1629 3249 1966 3319 modumque

322 3334 402 3391 60
446 3348 627 3399 curas,
670 3332 945 3388 interdum
993 3334 1215 3409 nugaris
1263 3353 1390 3389 rure
1435 3342 1694 3405 paterno:

444 3415 688 3491 partitur
725 3415 905 3473 lintris
951 3418 1246 3485 exercitus,
1289 3419 1456 3477 Actia
1496 3436 1686 3491 pugna

448 3508 511 3559 te
552 3500 691 3558 duce
733 3520 836 3575 per
876 3521 1079 3576 pueros
1122 3503 1312 3560 hostili
1356 3520 1506 3559 more
1552 3504 1804 3569 refertur,
