<?xml version="1.0" encoding="UTF-8"?>
<!DOCTYPE html PUBLIC "-//W3C//DTD XHTML 1.0 Transitional//EN"
    "http://www.w3.org/TR/xhtml1/DTD/xhtml1-transitional.dtd">
<html xmlns="http://www.w3.org/1999/xhtml" xml:lang="en" lang="en">
 <head>
  <title>
</title>
<meta http-equiv="Content-Type" content="text/html;charset=utf-8" />
  <meta name='ocr-system' content='tesseract 3.04.00' />
  <meta name='ocr-capabilities' content='ocr_page ocr_carea ocr_par ocr_line ocrx_word'/>
</head>
<body>
  <div class='ocr_page' id='page_1' title='image "./qhoratiusflaccu00linkgoog_0197.png"; bbox 0 0 2459 3959; ppageno 0'>
   <div class='ocr_carea' id='block_1_1' title="bbox 729 973 1727 1205">
    <p class='ocr_par' dir='ltr' id='par_1_1' title="bbox 729 973 1727 1205">
     <span class='ocr_line' id='line_1_1' title="bbox 729 973 1727 1053; baseline 0.003 -3"><span class='ocrx_word' id='word_1_1' title='bbox 729 975 779 1050; x_wconf 84' lang='lat' dir='ltr'>S</span> <span class='ocrx_word' id='word_1_2' title='bbox 831 973 902 1052; x_wconf 90' lang='lat' dir='ltr'>A</span> <span class='ocrx_word' id='word_1_3' title='bbox 953 975 1014 1049; x_wconf 90' lang='lat' dir='ltr'>T</span> <span class='ocrx_word' id='word_1_4' title='bbox 1067 975 1103 1048; x_wconf 94' lang='lat' dir='ltr'>I</span> <span class='ocrx_word' id='word_1_5' title='bbox 1157 975 1222 1049; x_wconf 86' lang='lat' dir='ltr'>R</span> <span class='ocrx_word' id='word_1_6' title='bbox 1273 979 1344 1050; x_wconf 92' lang='lat' dir='ltr'>A</span> <span class='ocrx_word' id='word_1_7' title='bbox 1396 976 1463 1052; x_wconf 88' lang='lat' dir='ltr'><strong>R</strong></span> <span class='ocrx_word' id='word_1_8' title='bbox 1518 978 1584 1053; x_wconf 93' lang='lat' dir='ltr'><strong>V</strong></span> <span class='ocrx_word' id='word_1_9' title='bbox 1648 977 1727 1052; x_wconf 92' lang='lat' dir='ltr'>M</span> 
     </span>
     <span class='ocr_line' id='line_1_2' title="bbox 935 1147 1500 1205; baseline 0.007 -4"><span class='ocrx_word' id='word_1_10' title='bbox 935 1147 1167 1202; x_wconf 82' lang='lat' dir='ltr'>LIBER</span> <span class='ocrx_word' id='word_1_11' title='bbox 1208 1147 1500 1205; x_wconf 80' lang='lat' dir='ltr'><strong>PRIMVS</strong></span> 
     </span>
    </p>
   </div>
   <div class='ocr_carea' id='block_1_2' title="bbox 1207 1321 1241 1375">
    <p class='ocr_par' dir='ltr' id='par_1_2' title="bbox 1207 1321 1241 1375">
     <span class='ocr_line' id='line_1_3' title="bbox 1207 1321 1241 1375; baseline 0 0"><span class='ocrx_word' id='word_1_12' title='bbox 1207 1321 1241 1375; x_wconf 92' lang='lat'>1</span> 
     </span>
    </p>
   </div>
   <div class='ocr_carea' id='block_1_3' title="bbox 251 1445 2097 3574">
    <p class='ocr_par' dir='ltr' id='par_1_3' title="bbox 370 1445 1921 1693">
     <span class='ocr_line' id='line_1_4' title="bbox 370 1445 1921 1521; baseline 0.006 -22"><span class='ocrx_word' id='word_1_13' title='bbox 370 1445 487 1511; x_wconf 83' lang='lat' dir='ltr'><strong>Qui</strong></span> <span class='ocrx_word' id='word_1_14' title='bbox 529 1447 610 1507; x_wconf 84' lang='lat' dir='ltr'><strong>fit.</strong></span> <span class='ocrx_word' id='word_1_15' title='bbox 655 1447 972 1516; x_wconf 79' lang='lat' dir='ltr'><strong>Maecenas,</strong></span> <span class='ocrx_word' id='word_1_16' title='bbox 1017 1457 1080 1502; x_wconf 91' lang='lat' dir='ltr'><strong>ut</strong></span> <span class='ocrx_word' id='word_1_17' title='bbox 1121 1467 1303 1516; x_wconf 82' lang='lat' dir='ltr'><strong>nemo,</strong></span> <span class='ocrx_word' id='word_1_18' title='bbox 1350 1467 1513 1521; x_wconf 84' lang='lat' dir='ltr'><strong>quam</strong></span> <span class='ocrx_word' id='word_1_19' title='bbox 1560 1449 1668 1504; x_wconf 78' lang='lat' dir='ltr'><strong>eibi</strong></span> <span class='ocrx_word' id='word_1_20' title='bbox 1712 1458 1921 1508; x_wconf 73' lang='lat' dir='ltr'><strong>sortem</strong></span> 
     </span>
     <span class='ocr_line' id='line_1_5' title="bbox 380 1532 1701 1604; baseline 0.005 -19"><span class='ocrx_word' id='word_1_21' title='bbox 380 1550 480 1585; x_wconf 77' lang='lat' dir='ltr'><strong>eeu</strong></span> <span class='ocrx_word' id='word_1_22' title='bbox 523 1532 667 1587; x_wconf 88' lang='lat' dir='ltr'><strong>ratio</strong></span> <span class='ocrx_word' id='word_1_23' title='bbox 711 1534 926 1588; x_wconf 77' lang='lat' dir='ltr'><strong>dederit</strong></span> <span class='ocrx_word' id='word_1_24' title='bbox 969 1552 1068 1589; x_wconf 77' lang='lat' dir='ltr'><strong>seu</strong></span> <span class='ocrx_word' id='word_1_25' title='bbox 1111 1537 1225 1590; x_wconf 75' lang='lat' dir='ltr'><strong>fors</strong></span> <span class='ocrx_word' id='word_1_26' title='bbox 1272 1534 1553 1604; x_wconf 85' lang='lat' dir='ltr'><strong>obiecerit,</strong></span> <span class='ocrx_word' id='word_1_27' title='bbox 1600 1535 1701 1591; x_wconf 89' lang='lat' dir='ltr'><strong>illa</strong></span> 
     </span>
     <span class='ocr_line' id='line_1_6' title="bbox 378 1619 1769 1693; baseline 0.004 -23"><span class='ocrx_word' id='word_1_28' title='bbox 378 1625 676 1672; x_wconf 72' lang='lat' dir='ltr'><strong>contentus</strong></span> <span class='ocrx_word' id='word_1_29' title='bbox 721 1619 890 1686; x_wconf 79' lang='lat' dir='ltr'><strong>vivat,</strong></span> <span class='ocrx_word' id='word_1_30' title='bbox 938 1620 1130 1675; x_wconf 86' lang='lat' dir='ltr'><strong>laudet</strong></span> <span class='ocrx_word' id='word_1_31' title='bbox 1173 1620 1397 1674; x_wconf 79' lang='lat' dir='ltr'><strong>diversa</strong></span> <span class='ocrx_word' id='word_1_32' title='bbox 1438 1622 1723 1693; x_wconf 74' lang='lat' dir='ltr'><strong>sequentis</strong></span> <span class='ocrx_word' id='word_1_33' title='bbox 1741 1621 1769 1676; x_wconf 77' lang='lat'><strong>?</strong></span> 
     </span>
    </p>

    <p class='ocr_par' dir='ltr' id='par_1_4' title="bbox 291 1701 1851 1941">
     <span class='ocr_line' id='line_1_7' title="bbox 385 1701 1601 1775; baseline 0.004 -19"><span class='ocrx_word' id='word_1_34' title='bbox 385 1701 440 1756; x_wconf 89' lang='lat' dir='ltr'><strong>‘o</strong></span> <span class='ocrx_word' id='word_1_35' title='bbox 483 1703 748 1759; x_wconf 87' lang='lat' dir='ltr'><strong>fortunati</strong></span> <span class='ocrx_word' id='word_1_36' title='bbox 789 1715 1120 1760; x_wconf 75' lang='lat' dir='ltr'><strong>mercatores</strong></span> <span class='ocrx_word' id='word_1_37' title='bbox 1137 1707 1169 1759; x_wconf 77' lang='grc' dir='ltr'><strong><em>Ρ</em></strong></span> <span class='ocrx_word' id='word_1_38' title='bbox 1213 1705 1399 1775; x_wconf 76' lang='lat' dir='ltr'><strong>gravis</strong></span> <span class='ocrx_word' id='word_1_39' title='bbox 1442 1707 1601 1761; x_wconf 77' lang='lat' dir='ltr'><strong>aunis</strong></span> 
     </span>
     <span class='ocr_line' id='line_1_8' title="bbox 291 1789 1851 1854; baseline 0.006 -12"><span class='ocrx_word' id='word_1_40' title='bbox 291 1793 328 1842; x_wconf 77' lang='lat'>5</span> <span class='ocrx_word' id='word_1_41' title='bbox 377 1789 538 1842; x_wconf 73' lang='lat' dir='ltr'><strong>miles</strong></span> <span class='ocrx_word' id='word_1_42' title='bbox 583 1789 678 1854; x_wconf 88' lang='lat' dir='ltr'><strong>ait,</strong></span> <span class='ocrx_word' id='word_1_43' title='bbox 724 1791 900 1844; x_wconf 85' lang='lat' dir='ltr'><strong>multo</strong></span> <span class='ocrx_word' id='word_1_44' title='bbox 943 1791 1053 1844; x_wconf 86' lang='lat' dir='ltr'><strong>iam</strong></span> <span class='ocrx_word' id='word_1_45' title='bbox 1095 1792 1304 1846; x_wconf 74' lang='lat' dir='ltr'><strong>fractus</strong></span> <span class='ocrx_word' id='word_1_46' title='bbox 1348 1793 1597 1847; x_wconf 87' lang='lat' dir='ltr'><strong>membra</strong></span> <span class='ocrx_word' id='word_1_47' title='bbox 1638 1792 1851 1852; x_wconf 75' lang='lat' dir='ltr'><strong>labore.</strong></span> 
     </span>
     <span class='ocr_line' id='line_1_9' title="bbox 380 1875 1799 1941; baseline 0.005 -15"><span class='ocrx_word' id='word_1_48' title='bbox 380 1879 576 1927; x_wconf 84' lang='lat' dir='ltr'><strong>contra</strong></span> <span class='ocrx_word' id='word_1_49' title='bbox 618 1885 908 1941; x_wconf 82' lang='lat' dir='ltr'><strong>mercator,</strong></span> <span class='ocrx_word' id='word_1_50' title='bbox 955 1876 1139 1930; x_wconf 85' lang='lat' dir='ltr'><strong>navim</strong></span> <span class='ocrx_word' id='word_1_51' title='bbox 1183 1875 1519 1932; x_wconf 81' lang='lat' dir='ltr'><strong>iactantibus</strong></span> <span class='ocrx_word' id='word_1_52' title='bbox 1564 1878 1799 1934; x_wconf 78' lang='lat' dir='ltr'><strong>austris:</strong></span> 
     </span>
    </p>

    <p class='ocr_par' dir='ltr' id='par_1_5' title="bbox 341 1956 2043 2206">
     <span class='ocr_line' id='line_1_10' title="bbox 341 1956 2043 2034; baseline 0.007 -23"><span class='ocrx_word' id='word_1_53' title='bbox 341 1973 345 1982; x_wconf 85' lang='grc'>’</span> <span class='ocrx_word' id='word_1_54' title='bbox 383 1956 603 2014; x_wconf 86' lang='lat' dir='ltr'><strong>‘militia</strong></span> <span class='ocrx_word' id='word_1_55' title='bbox 645 1969 732 2016; x_wconf 74' lang='lat' dir='ltr'><strong>eet</strong></span> <span class='ocrx_word' id='word_1_56' title='bbox 774 1960 974 2032; x_wconf 86' lang='lat' dir='ltr'><strong>potior.</strong></span> <span class='ocrx_word' id='word_1_57' title='bbox 1035 1963 1170 2034; x_wconf 89' lang='lat' dir='ltr'><strong>quid</strong></span> <span class='ocrx_word' id='word_1_58' title='bbox 1215 1961 1406 2016; x_wconf 82' lang='lat' dir='ltr'><strong>enim?</strong></span> <span class='ocrx_word' id='word_1_59' title='bbox 1454 1963 1827 2020; x_wconf 70' lang='lat' dir='ltr'><strong>concurritur:</strong></span> <span class='ocrx_word' id='word_1_60' title='bbox 1870 1965 2043 2023; x_wconf 85' lang='lat' dir='ltr'><strong>horae</strong></span> 
     </span>
     <span class='ocr_line' id='line_1_11' title="bbox 378 2047 1851 2104; baseline 0.005 -7"><span class='ocrx_word' id='word_1_61' title='bbox 378 2054 662 2100; x_wconf 88' lang='lat' dir='ltr'><strong>momento</strong></span> <span class='ocrx_word' id='word_1_62' title='bbox 707 2047 816 2103; x_wconf 87' lang='lat' dir='ltr'><strong>cita</strong></span> <span class='ocrx_word' id='word_1_63' title='bbox 859 2065 1006 2102; x_wconf 80' lang='lat' dir='ltr'><strong>mors</strong></span> <span class='ocrx_word' id='word_1_64' title='bbox 1050 2048 1208 2104; x_wconf 79' lang='lat' dir='ltr'><strong>veuit</strong></span> <span class='ocrx_word' id='word_1_65' title='bbox 1252 2055 1349 2102; x_wconf 89' lang='lat' dir='ltr'><strong>aut</strong></span> <span class='ocrx_word' id='word_1_66' title='bbox 1391 2047 1627 2102; x_wconf 82' lang='lat' dir='ltr'><strong>victoria</strong></span> <span class='ocrx_word' id='word_1_67' title='bbox 1668 2049 1851 2104; x_wconf 66' lang='lat' dir='ltr'><strong>laeta!</strong></span> 
     </span>
     <span class='ocr_line' id='line_1_12' title="bbox 384 2129 1719 2206; baseline 0.004 -23"><span class='ocrx_word' id='word_1_68' title='bbox 384 2129 685 2201; x_wconf 84' lang='lat' dir='ltr'><strong>agricolam</strong></span> <span class='ocrx_word' id='word_1_69' title='bbox 728 2132 920 2186; x_wconf 88' lang='lat' dir='ltr'><strong>laudat</strong></span> <span class='ocrx_word' id='word_1_70' title='bbox 961 2132 1097 2188; x_wconf 73' lang='lat' dir='ltr'><strong>iuris</strong></span> <span class='ocrx_word' id='word_1_71' title='bbox 1141 2134 1441 2206; x_wconf 79' lang='lat' dir='ltr'>legumque</span> <span class='ocrx_word' id='word_1_72' title='bbox 1482 2133 1719 2204; x_wconf 74' lang='lat' dir='ltr'><strong>peritus,</strong></span> 
     </span>
    </p>

    <p class='ocr_par' dir='ltr' id='par_1_6' title="bbox 253 2217 2097 2627">
     <span class='ocr_line' id='line_1_13' title="bbox 253 2217 1819 2290; baseline 0.003 -20"><span class='ocrx_word' id='word_1_73' title='bbox 253 2223 284 2270; x_wconf 85' lang='lat'>1</span> <span class='ocrx_word' id='word_1_74' title='bbox 303 2217 337 2270; x_wconf 91' lang='lat'>0</span> <span class='ocrx_word' id='word_1_75' title='bbox 385 2218 488 2270; x_wconf 78' lang='lat' dir='ltr'><strong>sub</strong></span> <span class='ocrx_word' id='word_1_76' title='bbox 529 2217 663 2288; x_wconf 86' lang='lat' dir='ltr'><strong>galli</strong></span> <span class='ocrx_word' id='word_1_77' title='bbox 707 2225 928 2272; x_wconf 85' lang='lat' dir='ltr'><strong>cantum</strong></span> <span class='ocrx_word' id='word_1_78' title='bbox 973 2219 1257 2274; x_wconf 74' lang='lat' dir='ltr'><strong>consultor</strong></span> <span class='ocrx_word' id='word_1_79' title='bbox 1298 2217 1395 2272; x_wconf 88' lang='lat' dir='ltr'><strong>ubi</strong></span> <span class='ocrx_word' id='word_1_80' title='bbox 1438 2218 1579 2273; x_wconf 80' lang='lat' dir='ltr'><strong>ostia</strong></span> <span class='ocrx_word' id='word_1_81' title='bbox 1621 2220 1819 2290; x_wconf 73' lang='lat' dir='ltr'><strong>pulsat.</strong></span> 
     </span>
     <span class='ocr_line' id='line_1_14' title="bbox 387 2301 2097 2380; baseline 0.006 -26"><span class='ocrx_word' id='word_1_82' title='bbox 387 2301 500 2368; x_wconf 86' lang='lat' dir='ltr'><strong>ille,</strong></span> <span class='ocrx_word' id='word_1_83' title='bbox 549 2301 691 2356; x_wconf 75' lang='lat' dir='ltr'><strong>datis</strong></span> <span class='ocrx_word' id='word_1_84' title='bbox 734 2302 966 2358; x_wconf 78' lang='lat' dir='ltr'><strong>vadibus</strong></span> <span class='ocrx_word' id='word_1_85' title='bbox 1011 2304 1108 2375; x_wconf 87' lang='lat' dir='ltr'><strong>qui</strong></span> <span class='ocrx_word' id='word_1_86' title='bbox 1150 2323 1280 2359; x_wconf 86' lang='lat' dir='ltr'><strong>rure</strong></span> <span class='ocrx_word' id='word_1_87' title='bbox 1324 2311 1604 2358; x_wconf 78' lang='lat' dir='ltr'><strong>extractus</strong></span> <span class='ocrx_word' id='word_1_88' title='bbox 1646 2303 1708 2359; x_wconf 87' lang='lat' dir='ltr'><strong>in</strong></span> <span class='ocrx_word' id='word_1_89' title='bbox 1750 2307 1945 2362; x_wconf 85' lang='lat' dir='ltr'><strong>urbem</strong></span> <span class='ocrx_word' id='word_1_90' title='bbox 1994 2316 2097 2380; x_wconf 78' lang='lat' dir='ltr'><strong>eet,</strong></span> 
     </span>
     <span class='ocr_line' id='line_1_15' title="bbox 385 2387 1597 2444; baseline 0.001 -3"><span class='ocrx_word' id='word_1_91' title='bbox 385 2388 532 2442; x_wconf 77' lang='lat' dir='ltr'>solos</span> <span class='ocrx_word' id='word_1_92' title='bbox 575 2387 764 2442; x_wconf 75' lang='lat' dir='ltr'><strong>felices</strong></span> <span class='ocrx_word' id='word_1_93' title='bbox 808 2388 1048 2443; x_wconf 77' lang='lat' dir='ltr'><strong>viventis</strong></span> <span class='ocrx_word' id='word_1_94' title='bbox 1093 2390 1294 2444; x_wconf 85' lang='lat' dir='ltr'><strong>clamat</strong></span> <span class='ocrx_word' id='word_1_95' title='bbox 1334 2388 1395 2442; x_wconf 87' lang='lat' dir='ltr'><strong>in</strong></span> <span class='ocrx_word' id='word_1_96' title='bbox 1436 2389 1597 2444; x_wconf 88' lang='lat' dir='ltr'><strong>urbe.</strong></span> 
     </span>
     <span class='ocr_line' id='line_1_16' title="bbox 384 2474 2031 2550; baseline 0.005 -23"><span class='ocrx_word' id='word_1_97' title='bbox 384 2481 570 2528; x_wconf 86' lang='lat' dir='ltr'><strong>cetera</strong></span> <span class='ocrx_word' id='word_1_98' title='bbox 611 2475 680 2528; x_wconf 89' lang='lat' dir='ltr'><strong>de</strong></span> <span class='ocrx_word' id='word_1_99' title='bbox 723 2491 930 2543; x_wconf 86' lang='lat' dir='ltr'><strong>genere</strong></span> <span class='ocrx_word' id='word_1_100' title='bbox 972 2474 1100 2542; x_wconf 89' lang='lat' dir='ltr'><strong>hoc,</strong></span> <span class='ocrx_word' id='word_1_101' title='bbox 1147 2476 1289 2529; x_wconf 88' lang='lat' dir='ltr'><strong>adeo</strong></span> <span class='ocrx_word' id='word_1_102' title='bbox 1333 2481 1463 2528; x_wconf 75' lang='lat' dir='ltr'><strong>sunt</strong></span> <span class='ocrx_word' id='word_1_103' title='bbox 1504 2476 1695 2544; x_wconf 78' lang='lat' dir='ltr'><strong>multa,</strong></span> <span class='ocrx_word' id='word_1_104' title='bbox 1739 2476 2031 2550; x_wconf 74' lang='lat' dir='ltr'><strong>loquacem</strong></span> 
     </span>
     <span class='ocr_line' id='line_1_17' title="bbox 387 2559 1833 2627; baseline 0.001 -13"><span class='ocrx_word' id='word_1_105' title='bbox 387 2559 666 2614; x_wconf 73' lang='lat' dir='ltr'><strong>delassare</strong></span> <span class='ocrx_word' id='word_1_106' title='bbox 709 2559 900 2614; x_wconf 82' lang='lat' dir='ltr'><strong>valent</strong></span> <span class='ocrx_word' id='word_1_107' title='bbox 939 2559 1196 2614; x_wconf 81' lang='lat' dir='ltr'><strong>Fabium.</strong></span> <span class='ocrx_word' id='word_1_108' title='bbox 1241 2577 1311 2614; x_wconf 89' lang='lat' dir='ltr'><strong>ne</strong></span> <span class='ocrx_word' id='word_1_109' title='bbox 1353 2567 1411 2612; x_wconf 91' lang='lat' dir='ltr'><strong>te</strong></span> <span class='ocrx_word' id='word_1_110' title='bbox 1454 2577 1658 2627; x_wconf 86' lang='lat' dir='ltr'><strong>morer,</strong></span> <span class='ocrx_word' id='word_1_111' title='bbox 1704 2564 1833 2616; x_wconf 87' lang='lat' dir='ltr'><strong>audi</strong></span> 
     </span>
    </p>

    <p class='ocr_par' dir='ltr' id='par_1_7' title="bbox 256 2635 2047 3061">
     <span class='ocr_line' id='line_1_18' title="bbox 256 2635 1943 2718; baseline 0 -16"><span class='ocrx_word' id='word_1_112' title='bbox 256 2653 282 2702; x_wconf 89' lang='lat'><strong>1</strong></span> <span class='ocrx_word' id='word_1_113' title='bbox 301 2653 332 2702; x_wconf 86' lang='lat'>⁵</span> <span class='ocrx_word' id='word_1_114' title='bbox 385 2664 496 2718; x_wconf 87' lang='lat' dir='ltr'><strong>quo</strong></span> <span class='ocrx_word' id='word_1_115' title='bbox 537 2664 656 2700; x_wconf 89' lang='lat' dir='ltr'><strong>rem</strong></span> <span class='ocrx_word' id='word_1_116' title='bbox 699 2635 988 2700; x_wconf 82' lang='lat' dir='ltr'><strong>deducam.</strong></span> <span class='ocrx_word' id='word_1_117' title='bbox 1033 2644 1076 2699; x_wconf 73' lang='lat' dir='ltr'><strong>ei</strong></span> <span class='ocrx_word' id='word_1_118' title='bbox 1123 2645 1247 2716; x_wconf 79' lang='lat' dir='ltr'><strong>quis</strong></span> <span class='ocrx_word' id='word_1_119' title='bbox 1294 2646 1431 2699; x_wconf 77' lang='lat' dir='ltr'><strong>deus</strong></span> <span class='ocrx_word' id='word_1_120' title='bbox 1474 2643 1561 2698; x_wconf 85' lang='lat' dir='ltr'><strong>‘en</strong></span> <span class='ocrx_word' id='word_1_121' title='bbox 1606 2646 1727 2718; x_wconf 86' lang='lat' dir='ltr'><strong>ego’</strong></span> <span class='ocrx_word' id='word_1_122' title='bbox 1776 2648 1943 2716; x_wconf 86' lang='lat' dir='ltr'><strong>dicat,</strong></span> 
     </span>
     <span class='ocr_line' id='line_1_19' title="bbox 384 2729 2047 2804; baseline 0.002 -19"><span class='ocrx_word' id='word_1_123' title='bbox 384 2729 515 2786; x_wconf 89' lang='lat' dir='ltr'><strong>‘iam</strong></span> <span class='ocrx_word' id='word_1_124' title='bbox 557 2730 756 2785; x_wconf 82' lang='lat' dir='ltr'><strong>faciam</strong></span> <span class='ocrx_word' id='word_1_125' title='bbox 800 2731 952 2801; x_wconf 88' lang='lat' dir='ltr'><strong>quod</strong></span> <span class='ocrx_word' id='word_1_126' title='bbox 994 2729 1188 2785; x_wconf 81' lang='lat' dir='ltr'><strong>voltis:</strong></span> <span class='ocrx_word' id='word_1_127' title='bbox 1236 2729 1344 2784; x_wconf 78' lang='lat' dir='ltr'><strong>eris</strong></span> <span class='ocrx_word' id='word_1_128' title='bbox 1387 2737 1470 2796; x_wconf 85' lang='lat' dir='ltr'><strong>tu,</strong></span> <span class='ocrx_word' id='word_1_129' title='bbox 1516 2729 1613 2801; x_wconf 89' lang='lat' dir='ltr'><strong>qui</strong></span> <span class='ocrx_word' id='word_1_130' title='bbox 1654 2733 1820 2787; x_wconf 90' lang='lat' dir='ltr'><strong>modo</strong></span> <span class='ocrx_word' id='word_1_131' title='bbox 1862 2733 2047 2804; x_wconf 73' lang='lat' dir='ltr'><strong>miles,</strong></span> 
     </span>
     <span class='ocr_line' id='line_1_20' title="bbox 378 2815 2027 2888; baseline 0.003 -17"><span class='ocrx_word' id='word_1_132' title='bbox 378 2824 686 2883; x_wconf 83' lang='lat' dir='ltr'><strong>mercator3</strong></span> <span class='ocrx_word' id='word_1_133' title='bbox 731 2823 812 2881; x_wconf 87' lang='lat' dir='ltr'><strong>tu,</strong></span> <span class='ocrx_word' id='word_1_134' title='bbox 860 2816 1145 2872; x_wconf 75' lang='lat' dir='ltr'><strong>consultus</strong></span> <span class='ocrx_word' id='word_1_135' title='bbox 1187 2817 1375 2882; x_wconf 89' lang='lat' dir='ltr'><strong>modo,</strong></span> <span class='ocrx_word' id='word_1_136' title='bbox 1420 2815 1687 2870; x_wconf 75' lang='lat' dir='ltr'><strong>rusticus:</strong></span> <span class='ocrx_word' id='word_1_137' title='bbox 1734 2817 1861 2872; x_wconf 86' lang='lat' dir='ltr'><strong>hinc</strong></span> <span class='ocrx_word' id='word_1_138' title='bbox 1904 2835 2027 2888; x_wconf 71' lang='lat' dir='ltr'><strong>voe,</strong></span> 
     </span>
     <span class='ocr_line' id='line_1_21' title="bbox 381 2899 1753 2973; baseline -0.001 -17"><span class='ocrx_word' id='word_1_139' title='bbox 381 2921 478 2956; x_wconf 81' lang='lat' dir='ltr'><strong>vos</strong></span> <span class='ocrx_word' id='word_1_140' title='bbox 521 2901 654 2956; x_wconf 88' lang='lat' dir='ltr'><strong>hinc</strong></span> <span class='ocrx_word' id='word_1_141' title='bbox 695 2900 923 2956; x_wconf 78' lang='lat' dir='ltr'><strong>mutatis</strong></span> <span class='ocrx_word' id='word_1_142' title='bbox 967 2901 1237 2956; x_wconf 81' lang='lat' dir='ltr'><strong>discedite</strong></span> <span class='ocrx_word' id='word_1_143' title='bbox 1279 2899 1549 2973; x_wconf 84' lang='lat' dir='ltr'><strong>partibus.</strong></span> <span class='ocrx_word' id='word_1_144' title='bbox 1596 2900 1753 2955; x_wconf 81' lang='lat' dir='ltr'><strong>heia!</strong></span> 
     </span>
     <span class='ocr_line' id='line_1_22' title="bbox 381 2984 1925 3061; baseline 0.001 -19"><span class='ocrx_word' id='word_1_145' title='bbox 381 2987 516 3061; x_wconf 90' lang='lat' dir='ltr'><strong>quid</strong></span> <span class='ocrx_word' id='word_1_146' title='bbox 560 2985 775 3042; x_wconf 59' lang='lat' dir='ltr'><strong>etatis?</strong></span> <span class='ocrx_word' id='word_1_147' title='bbox 819 3012 903 3024; x_wconf 90' lang='lat'><strong>--</strong></span> <span class='ocrx_word' id='word_1_148' title='bbox 945 2986 1144 3040; x_wconf 81' lang='lat' dir='ltr'><strong>nolint.</strong></span> <span class='ocrx_word' id='word_1_149' title='bbox 1189 2984 1347 3060; x_wconf 86' lang='lat' dir='ltr'><strong>atqui</strong></span> <span class='ocrx_word' id='word_1_150' title='bbox 1390 2984 1523 3040; x_wconf 88' lang='lat' dir='ltr'><strong>licet</strong></span> <span class='ocrx_word' id='word_1_151' title='bbox 1564 3003 1687 3040; x_wconf 74' lang='lat' dir='ltr'><strong>esse</strong></span> <span class='ocrx_word' id='word_1_152' title='bbox 1731 2985 1925 3042; x_wconf 70' lang='lat' dir='ltr'><strong>beatis·</strong></span> 
     </span>
    </p>

    <p class='ocr_par' dir='ltr' id='par_1_8' title="bbox 254 3069 2049 3488">
     <span class='ocr_line' id='line_1_23' title="bbox 254 3069 2049 3146; baseline 0.001 -18"><span class='ocrx_word' id='word_1_153' title='bbox 254 3080 332 3129; x_wconf 80' lang='lat'><strong>20</strong></span> <span class='ocrx_word' id='word_1_154' title='bbox 383 3072 520 3146; x_wconf 88' lang='lat' dir='ltr'><strong>quid</strong></span> <span class='ocrx_word' id='word_1_155' title='bbox 566 3089 793 3126; x_wconf 80' lang='lat' dir='ltr'><strong>caussae</strong></span> <span class='ocrx_word' id='word_1_156' title='bbox 837 3079 942 3137; x_wconf 78' lang='lat' dir='ltr'><strong>est,</strong></span> <span class='ocrx_word' id='word_1_157' title='bbox 986 3071 1188 3127; x_wconf 88' lang='lat' dir='ltr'><strong>merito</strong></span> <span class='ocrx_word' id='word_1_158' title='bbox 1231 3073 1367 3145; x_wconf 86' lang='lat' dir='ltr'><strong>quin</strong></span> <span class='ocrx_word' id='word_1_159' title='bbox 1410 3069 1523 3124; x_wconf 79' lang='lat' dir='ltr'><strong>illis</strong></span> <span class='ocrx_word' id='word_1_160' title='bbox 1564 3070 1817 3141; x_wconf 84' lang='lat' dir='ltr'><strong>Iuppiter</strong></span> <span class='ocrx_word' id='word_1_161' title='bbox 1858 3075 2049 3130; x_wconf 75' lang='lat' dir='ltr'><strong>ambas</strong></span> 
     </span>
     <span class='ocr_line' id='line_1_24' title="bbox 379 3155 1771 3229; baseline -0.003 -15"><span class='ocrx_word' id='word_1_162' title='bbox 379 3159 555 3214; x_wconf 72' lang='lat' dir='ltr'><strong>iratus</strong></span> <span class='ocrx_word' id='word_1_163' title='bbox 598 3161 798 3213; x_wconf 80' lang='lat' dir='ltr'><strong>buccas</strong></span> <span class='ocrx_word' id='word_1_164' title='bbox 841 3156 1001 3212; x_wconf 83' lang='lat' dir='ltr'><strong>inflet</strong></span> <span class='ocrx_word' id='word_1_165' title='bbox 1042 3175 1229 3229; x_wconf 86' lang='lat' dir='ltr'><strong>neque</strong></span> <span class='ocrx_word' id='word_1_166' title='bbox 1276 3176 1335 3212; x_wconf 75' lang='lat' dir='ltr'><strong>se</strong></span> <span class='ocrx_word' id='word_1_167' title='bbox 1378 3155 1495 3209; x_wconf 85' lang='lat' dir='ltr'><strong>fore</strong></span> <span class='ocrx_word' id='word_1_168' title='bbox 1538 3155 1771 3226; x_wconf 78' lang='lat' dir='ltr'><strong>posthac</strong></span> 
     </span>
     <span class='ocr_line' id='line_1_25' title="bbox 383 3241 1846 3314; baseline -0.003 -14"><span class='ocrx_word' id='word_1_169' title='bbox 383 3254 500 3300; x_wconf 85' lang='lat' dir='ltr'><strong>tam</strong></span> <span class='ocrx_word' id='word_1_170' title='bbox 541 3244 757 3299; x_wconf 84' lang='lat' dir='ltr'><strong>facilem</strong></span> <span class='ocrx_word' id='word_1_171' title='bbox 803 3242 968 3309; x_wconf 83' lang='lat' dir='ltr'><strong>dicat,</strong></span> <span class='ocrx_word' id='word_1_172' title='bbox 1014 3243 1158 3298; x_wconf 78' lang='lat' dir='ltr'><strong>votis</strong></span> <span class='ocrx_word' id='word_1_173' title='bbox 1203 3251 1269 3297; x_wconf 85' lang='lat' dir='ltr'><strong>ut</strong></span> <span class='ocrx_word' id='word_1_174' title='bbox 1309 3241 1571 3314; x_wconf 86' lang='lat' dir='ltr'><strong>praebeat</strong></span> <span class='ocrx_word' id='word_1_175' title='bbox 1615 3241 1846 3296; x_wconf 77' lang='lat' dir='ltr'><strong>aurem?</strong></span> 
     </span>
     <span class='ocr_line' id='line_1_26' title="bbox 382 3324 1699 3402; baseline -0.003 -18"><span class='ocrx_word' id='word_1_176' title='bbox 382 3339 676 3402; x_wconf 85' lang='lat' dir='ltr'><strong>praeterea</strong></span> <span class='ocrx_word' id='word_1_177' title='bbox 718 3347 790 3384; x_wconf 87' lang='lat' dir='ltr'><strong>ne</strong></span> <span class='ocrx_word' id='word_1_178' title='bbox 834 3328 914 3384; x_wconf 79' lang='lat' dir='ltr'><strong>sic</strong></span> <span class='ocrx_word' id='word_1_179' title='bbox 958 3338 1021 3384; x_wconf 90' lang='lat' dir='ltr'><strong>ut</strong></span> <span class='ocrx_word' id='word_1_180' title='bbox 1063 3327 1160 3401; x_wconf 91' lang='lat' dir='ltr'><strong>qui</strong></span> <span class='ocrx_word' id='word_1_181' title='bbox 1201 3325 1469 3382; x_wconf 84' lang='lat' dir='ltr'><strong>iocularia</strong></span> <span class='ocrx_word' id='word_1_182' title='bbox 1508 3324 1699 3380; x_wconf 76' lang='lat' dir='ltr'><strong>ridens</strong></span> 
     </span>
     <span class='ocr_line' id='line_1_27' title="bbox 375 3408 1875 3488; baseline -0.001 -18"><span class='ocrx_word' id='word_1_183' title='bbox 375 3432 728 3488; x_wconf 84' lang='lat' dir='ltr'><strong>percurram:</strong></span> <span class='ocrx_word' id='word_1_184' title='bbox 773 3432 1090 3486; x_wconf 85' lang='lat' dir='ltr'><strong>quanquam</strong></span> <span class='ocrx_word' id='word_1_185' title='bbox 1131 3413 1408 3468; x_wconf 79' lang='lat' dir='ltr'><strong>ridentem</strong></span> <span class='ocrx_word' id='word_1_186' title='bbox 1451 3408 1636 3466; x_wconf 87' lang='lat' dir='ltr'><strong>dicere</strong></span> <span class='ocrx_word' id='word_1_187' title='bbox 1681 3429 1875 3468; x_wconf 81' lang='lat' dir='ltr'><strong>verum</strong></span> 
     </span>
    </p>

    <p class='ocr_par' dir='ltr' id='par_1_9' title="bbox 251 3496 1965 3574">
     <span class='ocr_line' id='line_1_28' title="bbox 251 3496 1965 3574; baseline -0.001 -18"><span class='ocrx_word' id='word_1_188' title='bbox 251 3506 326 3556; x_wconf 80' lang='lat'><strong>25</strong></span> <span class='ocrx_word' id='word_1_189' title='bbox 377 3501 516 3574; x_wconf 90' lang='lat' dir='ltr'><strong>quid</strong></span> <span class='ocrx_word' id='word_1_190' title='bbox 557 3500 748 3556; x_wconf 80' lang='lat' dir='ltr'><strong>vetat?</strong></span> <span class='ocrx_word' id='word_1_191' title='bbox 793 3508 858 3555; x_wconf 86' lang='lat' dir='ltr'><strong>ut</strong></span> <span class='ocrx_word' id='word_1_192' title='bbox 899 3499 1084 3572; x_wconf 77' lang='lat' dir='ltr'><strong>pueris</strong></span> <span class='ocrx_word' id='word_1_193' title='bbox 1127 3499 1261 3554; x_wconf 88' lang='lat' dir='ltr'><strong>olim</strong></span> <span class='ocrx_word' id='word_1_194' title='bbox 1306 3499 1441 3552; x_wconf 88' lang='lat' dir='ltr'><strong>daut</strong></span> <span class='ocrx_word' id='word_1_195' title='bbox 1483 3496 1729 3551; x_wconf 79' lang='lat' dir='ltr'><strong>crustula</strong></span> <span class='ocrx_word' id='word_1_196' title='bbox 1771 3498 1965 3554; x_wconf 87' lang='lat' dir='ltr'><strong>blaudi</strong></span> 
     </span>
    </p>
   </div>
  </div>
 </body>
</html>
