2459 3959
283 246 370 306 40
1047 249 1469 306 CARMINVM

412 405 694 478 pulchrior
737 405 910 459 multo
955 403 1327 478 iuvenumque
1369 403 1559 477 prodis

503 491 728 563 publica
771 508 918 545 cura.

419 618 645 691 expedit
687 616 878 672 matris
925 618 1138 672 cineres
1184 627 1407 690 opertos

300 706 375 759 10
421 704 611 759 fallere
655 711 712 756 et
753 713 875 758 toto
918 703 1194 758 taciturna
1239 704 1418 758 noctis

419 790 578 862 signa
622 806 746 843 cum
791 790 940 843 caelo
985 789 1278 862 gelidaque
1322 789 1477 844 divos

496 883 671 930 morte
716 875 975 930 carentis.

419 1002 567 1057 ridet
607 1005 729 1071 hoc,
775 1004 1017 1077 inquam,
1063 1005 1255 1059 Venus
1300 1005 1438 1075 ipsa,
1484 1003 1669 1057 rident

414 1088 688 1159 simplices
729 1089 1020 1161 Nymphae
1064 1091 1212 1144 ferus
1260 1099 1317 1144 et
1362 1089 1597 1163 Cupido,

293 1179 364 1227 15
415 1192 630 1246 semper
672 1175 914 1229 ardentis
961 1193 1166 1230 acuens
1211 1176 1443 1248 sagittas

501 1268 624 1314 cote
669 1271 914 1315 cruenta.

414 1390 557 1443 adde
602 1391 751 1462 quod
792 1391 966 1462 pubes
1011 1389 1114 1444 tibi
1161 1390 1358 1444 crescit
1403 1388 1601 1456 omnia,

413 1475 648 1530 servitus
695 1477 895 1530 crescit
937 1494 1097 1541 nova,
1141 1495 1246 1530 nec
1288 1476 1501 1546 priores

413 1559 595 1632 inpiae
639 1569 844 1615 tectum
890 1561 1142 1616 dominae
1187 1562 1466 1616 relincunt

289 1647 367 1699 20
499 1664 664 1718 saepe
709 1647 918 1700 minati.

413 1781 468 1827 te
514 1773 627 1827 suis
671 1783 873 1828 matres
917 1783 1172 1828 metuunt
1213 1774 1480 1844 iuvencis,

415 1867 472 1912 te
518 1877 675 1913 senes
720 1861 871 1931 parci
916 1860 1259 1933 miseraeque
1302 1879 1482 1931 nuper

414 1945 656 2016 virgines
703 1955 922 2017 nuptae,
968 1953 1064 2000 tua
1106 1965 1175 2000 ne
1220 1949 1467 2001 retardet

502 2048 635 2085 aura
676 2033 921 2087 maritos.

1052 2167 1214 2178 ...u——

1214 2314 1308 2370 IX

413 2459 542 2513 Non
589 2478 806 2532 semper
850 2459 1054 2516 imbres
1099 2462 1338 2516 nubibus
1382 2459 1631 2531 hispidos

415 2554 639 2599 manant
681 2546 738 2598 in
783 2563 963 2618 agros,
1011 2556 1106 2601 aut
1147 2565 1297 2601 mare
1343 2545 1603 2617 Caspium

502 2640 705 2685 vexant
746 2632 1064 2704 inaequales
1108 2633 1384 2705 procellae

583 2736 786 2790 usque3
831 2737 1014 2790 neque
1058 2720 1337 2774 Armeniis
1380 2719 1439 2772 in
1482 2715 1613 2783 oris,

336 2859 368 2906 5
419 2851 594 2906 amice
633 2850 822 2922 Valgi,
867 2858 976 2904 stat
1021 2849 1224 2921 glacies
1272 2847 1424 2902 iners.

417 2937 622 2991 mensis
665 2955 765 3007 per
808 2935 1002 3001 omnis,
1051 2942 1146 2987 aut
1192 2933 1540 3004 aquilonibus

505 3029 769 3094 querceta
814 3020 1057 3091 Gargani
1103 3020 1358 3073 laborant

589 3116 647 3162 et
689 3105 834 3160 foliis
879 3105 1180 3159 viduantur
1223 3104 1376 3158 orni:

421 3247 483 3292 tu
527 3254 741 3308 semper
785 3253 986 3305 urgues
1032 3234 1311 3290 flebilibus
1357 3233 1535 3287 modis

303 3331 375 3378 10
421 3325 645 3394 Mysten
691 3322 1039 3392 ademptum;
1085 3339 1187 3374 nec
1229 3320 1335 3374 tibi
1364 3336 1598 3390 vespero

508 3413 768 3478 surgente
813 3408 1091 3460 decedunt
1134 3424 1347 3460 amores

587 3509 691 3547 nec
732 3491 987 3562 rapidum
1031 3492 1280 3563 fugiente
1326 3490 1517 3545 solem.
