2459 3959
337 281 426 342 5⁰
1101 289 1523 346 CARMINVM

464 450 524 495 tu
572 443 809 498 secanda
853 461 1126 500 marmora

556 528 704 582 locas
750 530 852 582 sub
897 529 1076 600 ipsum
1119 531 1285 602 funus
1331 539 1388 586 et
1432 531 1671 605 sepulcri

466 612 736 667 inmemor
778 614 943 668 struis
987 617 1200 683 domos,

347 701 422 753 20
553 698 829 771 marisque
870 700 1002 756 Bais
1051 702 1425 776 obstrepentis
1470 721 1675 775 urgues

469 873 793 928 submovere
836 873 1019 940 litora,

559 977 752 1028 parum
797 960 1040 1031 locuples
1086 959 1406 1016 continente
1451 959 1594 1031 ripa.

469 1043 604 1116 quid
647 1046 794 1116 quod
841 1063 1014 1116 usque
1057 1045 1342 1117 proximos

553 1131 776 1198 revellis
823 1130 942 1203 agri
986 1130 1254 1186 terminos
1299 1138 1356 1186 et
1400 1130 1546 1202 ultra

355 1309 428 1357 25
477 1301 680 1356 limites
727 1301 1010 1356 clientium

567 1387 695 1442 salis
741 1388 982 1442 avarus?
1029 1385 1255 1459 pellitur
1298 1397 1559 1460 paternos

470 1473 528 1526 in
573 1473 698 1528 sinu
740 1474 922 1527 ferens
968 1475 1102 1527 deos

565 1567 620 1613 et
663 1577 805 1614 uxor
849 1567 905 1613 et
949 1559 1032 1612 vir
1075 1558 1439 1631 sordidosque
1485 1564 1663 1613 natos.

478 1730 633 1785 nulla
676 1730 879 1785 certior
921 1740 1108 1785 tamen

354 1817 430 1871 30
561 1816 775 1887 rapacis
822 1816 956 1871 Orci
1001 1818 1133 1871 sede
1178 1816 1455 1872 destinata

473 1902 596 1956 aula
640 1900 867 1956 divitem
912 1909 1100 1956 manet

555 2005 728 2042 erum.
774 1987 908 2059 quid
951 1988 1099 2041 ultra
1141 1985 1361 2042 tendis?
1408 2005 1586 2059 aequa
1630 1986 1795 2042 tellus

476 2160 708 2234 pauperi
752 2159 1062 2214 recluditur

566 2264 872 2318 regumque
915 2244 1121 2317 pueris,
1166 2261 1271 2300 nec
1314 2244 1535 2300 satelles
1581 2243 1714 2299 Orci

350 2338 424 2387 35
472 2331 730 2386 callidum
772 2331 1105 2386 Promethea

555 2416 773 2472 revexit
816 2435 949 2471 auro
996 2424 1215 2488 captus:
1262 2415 1354 2470 hic
1398 2417 1697 2488 superbum

476 2588 772 2643 Tantalum
816 2597 983 2661 atque
1029 2588 1251 2644 Tantali

553 2691 730 2745 genus
776 2683 1012 2743 coercet,
1057 2676 1150 2730 hic
1191 2676 1377 2732 levare
1420 2674 1671 2731 functum

471 2777 770 2830 pauperem
814 2761 1096 2817 laboribus

299 2851 310 2858 '
349 2852 424 2900 40
557 2854 786 2902 vocatus
831 2854 999 2919 atque
1041 2866 1154 2903 non
1196 2855 1429 2902 vocatus
1474 2847 1651 2906 audit.

1244 3129 1394 3184 XIX

472 3276 752 3331 Bacchum
793 3275 852 3330 in
893 3275 1120 3332 remotis
1165 3276 1411 3330 carmina
1452 3275 1681 3350 rupibus

475 3363 592 3417 vidi
641 3364 935 3417 docentem
978 3388 1063 3399 —
1107 3362 1317 3416 credite
1362 3362 1571 3434 posteri
1610 3390 1699 3400 —

556 3447 956 3522 Nymphasque
1003 3446 1267 3502 discentis
1314 3453 1371 3502 et
1413 3447 1559 3502 auris

644 3532 1002 3607 capripedum
1047 3532 1372 3606 Satyrorum
1414 3541 1625 3590 acutas.
