<?xml version="1.0" encoding="UTF-8"?>
<!DOCTYPE html PUBLIC "-//W3C//DTD XHTML 1.0 Transitional//EN"
    "http://www.w3.org/TR/xhtml1/DTD/xhtml1-transitional.dtd">
<html xmlns="http://www.w3.org/1999/xhtml" xml:lang="en" lang="en">
 <head>
  <title>
</title>
<meta http-equiv="Content-Type" content="text/html;charset=utf-8" />
  <meta name='ocr-system' content='tesseract 3.04.00' />
  <meta name='ocr-capabilities' content='ocr_page ocr_carea ocr_par ocr_line ocrx_word'/>
</head>
<body>
  <div class='ocr_page' id='page_1' title='image "./qhoratiusflaccu00linkgoog_0091.png"; bbox 0 0 2459 3959; ppageno 0'>
   <div class='ocr_carea' id='block_1_1' title="bbox 913 281 1454 340">
    <p class='ocr_par' dir='ltr' id='par_1_1' title="bbox 913 281 1454 340">
     <span class='ocr_line' id='line_1_1' title="bbox 913 281 1454 340; baseline 0 -2"><span class='ocrx_word' id='word_1_1' title='bbox 913 281 1066 338; x_wconf 73' lang='lat' dir='ltr'><strong>LIB.</strong></span> <span class='ocrx_word' id='word_1_2' title='bbox 1107 282 1158 340; x_wconf 83' lang='grc' dir='ltr'><strong>Ι.</strong></span> <span class='ocrx_word' id='word_1_3' title='bbox 1209 288 1411 340; x_wconf 79' lang='grc'><strong>85-8</strong></span> <span class='ocrx_word' id='word_1_4' title='bbox 1425 291 1454 338; x_wconf 85' lang='grc'><strong>7</strong></span> 
     </span>
    </p>
   </div>
   <div class='ocr_carea' id='block_1_2' title="bbox 1060 459 1329 518">
    <p class='ocr_par' dir='ltr' id='par_1_2' title="bbox 1060 459 1329 518">
     <span class='ocr_line' id='line_1_2' title="bbox 1060 459 1329 518; baseline 0.007 -2"><span class='ocrx_word' id='word_1_5' title='bbox 1060 459 1329 518; x_wconf 88' lang='lat' dir='ltr'>XXXVI</span> 
     </span>
    </p>
   </div>
   <div class='ocr_carea' id='block_1_3' title="bbox 333 605 1509 848">
    <p class='ocr_par' dir='ltr' id='par_1_3' title="bbox 333 605 1509 848">
     <span class='ocr_line' id='line_1_3' title="bbox 333 605 1140 664; baseline 0.005 -4"><span class='ocrx_word' id='word_1_6' title='bbox 333 605 427 660; x_wconf 87' lang='lat' dir='ltr'><strong>Et</strong></span> <span class='ocrx_word' id='word_1_7' title='bbox 468 613 592 660; x_wconf 89' lang='lat' dir='ltr'><strong>ture</strong></span> <span class='ocrx_word' id='word_1_8' title='bbox 637 612 696 660; x_wconf 91' lang='lat' dir='ltr'><strong>et</strong></span> <span class='ocrx_word' id='word_1_9' title='bbox 737 605 940 660; x_wconf 84' lang='lat' dir='ltr'><strong>fidibus</strong></span> <span class='ocrx_word' id='word_1_10' title='bbox 983 607 1140 664; x_wconf 85' lang='lat' dir='ltr'><strong>iuvat</strong></span> 
     </span>
     <span class='ocr_line' id='line_1_4' title="bbox 435 691 1509 766; baseline 0.006 -22"><span class='ocrx_word' id='word_1_11' title='bbox 435 691 654 762; x_wconf 85' lang='lat' dir='ltr'><strong>placare</strong></span> <span class='ocrx_word' id='word_1_12' title='bbox 699 699 755 744; x_wconf 89' lang='lat' dir='ltr'><strong>et</strong></span> <span class='ocrx_word' id='word_1_13' title='bbox 798 691 957 746; x_wconf 84' lang='lat' dir='ltr'><strong>vituli</strong></span> <span class='ocrx_word' id='word_1_14' title='bbox 1002 694 1271 766; x_wconf 75' lang='lat' dir='ltr'><strong>sanguine</strong></span> <span class='ocrx_word' id='word_1_15' title='bbox 1314 695 1509 752; x_wconf 86' lang='lat' dir='ltr'><strong>debito</strong></span> 
     </span>
     <span class='ocr_line' id='line_1_5' title="bbox 345 775 1134 848; baseline 0.008 -19"><span class='ocrx_word' id='word_1_16' title='bbox 345 777 610 830; x_wconf 77' lang='lat' dir='ltr'><strong>custodes</strong></span> <span class='ocrx_word' id='word_1_17' title='bbox 652 775 932 832; x_wconf 79' lang='lat' dir='ltr'><strong>Numidae</strong></span> <span class='ocrx_word' id='word_1_18' title='bbox 977 781 1134 848; x_wconf 78' lang='lat' dir='ltr'><strong>deos,</strong></span> 
     </span>
    </p>
   </div>
   <div class='ocr_carea' id='block_1_4' title="bbox 437 861 1633 940">
    <p class='ocr_par' dir='ltr' id='par_1_4' title="bbox 437 861 1633 940">
     <span class='ocr_line' id='line_1_6' title="bbox 437 861 1633 940; baseline 0.008 -27"><span class='ocrx_word' id='word_1_19' title='bbox 437 861 533 932; x_wconf 91' lang='lat' dir='ltr'><strong>qui</strong></span> <span class='ocrx_word' id='word_1_20' title='bbox 577 880 725 916; x_wconf 86' lang='lat' dir='ltr'><strong>nune</strong></span> <span class='ocrx_word' id='word_1_21' title='bbox 768 863 1044 935; x_wconf 81' lang='lat' dir='ltr'><strong>Hesperia</strong></span> <span class='ocrx_word' id='word_1_22' title='bbox 1086 885 1277 940; x_wconf 74' lang='lat' dir='ltr'><strong>sospes</strong></span> <span class='ocrx_word' id='word_1_23' title='bbox 1322 869 1391 924; x_wconf 90' lang='lat' dir='ltr'><strong>ab</strong></span> <span class='ocrx_word' id='word_1_24' title='bbox 1436 868 1633 924; x_wconf 83' lang='lat' dir='ltr'><strong>ultima</strong></span> 
     </span>
    </p>
   </div>
   <div class='ocr_carea' id='block_1_5' title="bbox 243 988 1061 1063">
    <p class='ocr_par' dir='ltr' id='par_1_5' title="bbox 243 988 1061 1063">
     <span class='ocr_line' id='line_1_7' title="bbox 243 988 1061 1063; baseline 0.005 -20"><span class='ocrx_word' id='word_1_25' title='bbox 243 995 282 1044; x_wconf 88' lang='lat'><strong>5</strong></span> <span class='ocrx_word' id='word_1_26' title='bbox 346 988 494 1043; x_wconf 81' lang='lat' dir='ltr'><strong>caris</strong></span> <span class='ocrx_word' id='word_1_27' title='bbox 539 991 714 1044; x_wconf 88' lang='lat' dir='ltr'><strong>multa</strong></span> <span class='ocrx_word' id='word_1_28' title='bbox 757 993 1061 1063; x_wconf 65' lang='lat' dir='ltr'><strong>sodalibuS,</strong></span> 
     </span>
    </p>
   </div>
   <div class='ocr_carea' id='block_1_6' title="bbox 344 1075 1489 1232">
    <p class='ocr_par' dir='ltr' id='par_1_6' title="bbox 344 1075 1489 1232">
     <span class='ocr_line' id='line_1_8' title="bbox 437 1075 1489 1158; baseline 0.01 -31"><span class='ocrx_word' id='word_1_29' title='bbox 437 1075 576 1129; x_wconf 87' lang='lat' dir='ltr'><strong>nulli</strong></span> <span class='ocrx_word' id='word_1_30' title='bbox 619 1076 786 1158; x_wconf 62' lang='lat' dir='ltr'><strong>plura⁴</strong></span> <span class='ocrx_word' id='word_1_31' title='bbox 823 1086 1008 1132; x_wconf 88' lang='lat' dir='ltr'><strong>tamen</strong></span> <span class='ocrx_word' id='word_1_32' title='bbox 1055 1079 1259 1135; x_wconf 83' lang='lat' dir='ltr'><strong>dividit</strong></span> <span class='ocrx_word' id='word_1_33' title='bbox 1302 1083 1489 1138; x_wconf 78' lang='lat' dir='ltr'><strong>oscula</strong></span> 
     </span>
     <span class='ocr_line' id='line_1_9' title="bbox 344 1161 1251 1232; baseline 0.009 -19"><span class='ocrx_word' id='word_1_34' title='bbox 344 1178 515 1232; x_wconf 88' lang='lat' dir='ltr'><strong>quam</strong></span> <span class='ocrx_word' id='word_1_35' title='bbox 561 1161 706 1215; x_wconf 87' lang='lat' dir='ltr'><strong>dulci</strong></span> <span class='ocrx_word' id='word_1_36' title='bbox 749 1162 994 1231; x_wconf 81' lang='lat' dir='ltr'><strong>Lamiae,</strong></span> <span class='ocrx_word' id='word_1_37' title='bbox 1037 1184 1251 1220; x_wconf 85' lang='lat' dir='ltr'><strong>memor</strong></span> 
     </span>
    </p>
   </div>
   <div class='ocr_carea' id='block_1_7' title="bbox 437 1248 1371 1323">
    <p class='ocr_par' dir='ltr' id='par_1_7' title="bbox 437 1248 1371 1323">
     <span class='ocr_line' id='line_1_10' title="bbox 437 1248 1371 1323; baseline 0.01 -24"><span class='ocrx_word' id='word_1_38' title='bbox 437 1255 592 1300; x_wconf 81' lang='lat' dir='ltr'><strong>actae</strong></span> <span class='ocrx_word' id='word_1_39' title='bbox 637 1265 749 1300; x_wconf 86' lang='lat' dir='ltr'><strong>non</strong></span> <span class='ocrx_word' id='word_1_40' title='bbox 793 1248 902 1304; x_wconf 84' lang='lat' dir='ltr'><strong>alio</strong></span> <span class='ocrx_word' id='word_1_41' title='bbox 945 1269 1076 1322; x_wconf 86' lang='lat' dir='ltr'><strong>rege</strong></span> <span class='ocrx_word' id='word_1_42' title='bbox 1119 1252 1371 1323; x_wconf 81' lang='lat' dir='ltr'><strong>puertiae</strong></span> 
     </span>
    </p>
   </div>
   <div class='ocr_carea' id='block_1_8' title="bbox 209 1377 1809 1714">
    <p class='ocr_par' dir='ltr' id='par_1_8' title="bbox 209 1377 1809 1714">
     <span class='ocr_line' id='line_1_11' title="bbox 347 1377 1141 1450; baseline 0.01 -24"><span class='ocrx_word' id='word_1_43' title='bbox 347 1381 707 1448; x_wconf 77' lang='lat' dir='ltr'><strong>mutataeque</strong></span> <span class='ocrx_word' id='word_1_44' title='bbox 752 1377 915 1432; x_wconf 81' lang='lat' dir='ltr'><strong>simul</strong></span> <span class='ocrx_word' id='word_1_45' title='bbox 959 1387 1141 1450; x_wconf 81' lang='lat' dir='ltr'><strong>togae.</strong></span> 
     </span>
     <span class='ocr_line' id='line_1_12' title="bbox 209 1459 1612 1537; baseline 0.006 -24"><span class='ocrx_word' id='word_1_46' title='bbox 209 1465 298 1514; x_wconf 85' lang='lat'><strong>10</strong></span> <span class='ocrx_word' id='word_1_47' title='bbox 442 1459 638 1515; x_wconf 81' lang='lat' dir='ltr'><strong>Cressa</strong></span> <span class='ocrx_word' id='word_1_48' title='bbox 680 1480 750 1516; x_wconf 89' lang='lat' dir='ltr'><strong>ne</strong></span> <span class='ocrx_word' id='word_1_49' title='bbox 795 1472 983 1518; x_wconf 86' lang='lat' dir='ltr'><strong>eareat</strong></span> <span class='ocrx_word' id='word_1_50' title='bbox 1024 1467 1257 1537; x_wconf 83' lang='lat' dir='ltr'><strong>pulchra</strong></span> <span class='ocrx_word' id='word_1_51' title='bbox 1299 1469 1418 1523; x_wconf 81' lang='lat' dir='ltr'><strong>dies</strong></span> <span class='ocrx_word' id='word_1_52' title='bbox 1462 1476 1612 1537; x_wconf 86' lang='lat' dir='ltr'><strong>nota,</strong></span> 
     </span>
     <span class='ocr_line' id='line_1_13' title="bbox 355 1551 1397 1624; baseline 0.008 -26"><span class='ocrx_word' id='word_1_53' title='bbox 355 1561 470 1598; x_wconf 85' lang='lat' dir='ltr'><strong>neu</strong></span> <span class='ocrx_word' id='word_1_54' title='bbox 511 1555 798 1620; x_wconf 80' lang='lat' dir='ltr'><strong>promptae</strong></span> <span class='ocrx_word' id='word_1_55' title='bbox 842 1551 1038 1604; x_wconf 82' lang='lat' dir='ltr'><strong>modus</strong></span> <span class='ocrx_word' id='word_1_56' title='bbox 1083 1553 1397 1624; x_wconf 83' lang='lat' dir='ltr'><strong>amphorae,</strong></span> 
     </span>
     <span class='ocr_line' id='line_1_14' title="bbox 445 1633 1809 1714; baseline 0.009 -29"><span class='ocrx_word' id='word_1_57' title='bbox 445 1649 557 1686; x_wconf 87' lang='lat' dir='ltr'><strong>neu</strong></span> <span class='ocrx_word' id='word_1_58' title='bbox 598 1651 809 1688; x_wconf 89' lang='lat' dir='ltr'><strong>morem</strong></span> <span class='ocrx_word' id='word_1_59' title='bbox 851 1633 916 1688; x_wconf 88' lang='lat' dir='ltr'><strong>in</strong></span> <span class='ocrx_word' id='word_1_60' title='bbox 961 1635 1170 1690; x_wconf 86' lang='lat' dir='ltr'><strong>Salium</strong></span> <span class='ocrx_word' id='word_1_61' title='bbox 1213 1637 1287 1692; x_wconf 73' lang='lat' dir='ltr'><strong>sit</strong></span> <span class='ocrx_word' id='word_1_62' title='bbox 1326 1639 1547 1711; x_wconf 84' lang='lat' dir='ltr'><strong>requies</strong></span> <span class='ocrx_word' id='word_1_63' title='bbox 1590 1643 1809 1714; x_wconf 87' lang='lat' dir='ltr'><strong>pedum,</strong></span> 
     </span>
    </p>
   </div>
   <div class='ocr_carea' id='block_1_9' title="bbox 219 1760 1599 2088">
    <p class='ocr_par' dir='ltr' id='par_1_9' title="bbox 219 1760 1599 2088">
     <span class='ocr_line' id='line_1_15' title="bbox 352 1760 1136 1818; baseline 0.004 -4"><span class='ocrx_word' id='word_1_64' title='bbox 352 1777 464 1814; x_wconf 86' lang='lat' dir='ltr'><strong>neu</strong></span> <span class='ocrx_word' id='word_1_65' title='bbox 504 1760 665 1814; x_wconf 87' lang='lat' dir='ltr'><strong>multi</strong></span> <span class='ocrx_word' id='word_1_66' title='bbox 709 1761 956 1816; x_wconf 77' lang='lat' dir='ltr'><strong>Damalis</strong></span> <span class='ocrx_word' id='word_1_67' title='bbox 999 1764 1136 1818; x_wconf 89' lang='lat' dir='ltr'><strong>meri</strong></span> 
     </span>
     <span class='ocr_line' id='line_1_16' title="bbox 437 1844 1538 1923; baseline 0.009 -25"><span class='ocrx_word' id='word_1_68' title='bbox 437 1844 672 1900; x_wconf 83' lang='lat' dir='ltr'><strong>Bassum</strong></span> <span class='ocrx_word' id='word_1_69' title='bbox 716 1847 976 1902; x_wconf 83' lang='lat' dir='ltr'><strong>Threicia</strong></span> <span class='ocrx_word' id='word_1_70' title='bbox 1018 1849 1206 1905; x_wconf 80' lang='lat' dir='ltr'><strong>vincat</strong></span> <span class='ocrx_word' id='word_1_71' title='bbox 1249 1852 1538 1923; x_wconf 76' lang='lat' dir='ltr'><strong>amystide,</strong></span> 
     </span>
     <span class='ocr_line' id='line_1_17' title="bbox 219 1931 1111 2004; baseline 0.002 -17"><span class='ocrx_word' id='word_1_72' title='bbox 219 1937 302 1987; x_wconf 79' lang='lat'><strong>15</strong></span> <span class='ocrx_word' id='word_1_73' title='bbox 353 1949 466 1986; x_wconf 86' lang='lat' dir='ltr'><strong>neu</strong></span> <span class='ocrx_word' id='word_1_74' title='bbox 509 1931 694 1986; x_wconf 76' lang='lat' dir='ltr'><strong>desint</strong></span> <span class='ocrx_word' id='word_1_75' title='bbox 735 1933 909 2004; x_wconf 83' lang='lat' dir='ltr'><strong>epulis</strong></span> <span class='ocrx_word' id='word_1_76' title='bbox 951 1953 1111 1989; x_wconf 78' lang='lat' dir='ltr'><strong>rosae</strong></span> 
     </span>
     <span class='ocr_line' id='line_1_18' title="bbox 440 2016 1599 2088; baseline 0.007 -16"><span class='ocrx_word' id='word_1_77' title='bbox 440 2035 553 2072; x_wconf 88' lang='lat' dir='ltr'><strong>neu</strong></span> <span class='ocrx_word' id='word_1_78' title='bbox 595 2016 760 2072; x_wconf 84' lang='lat' dir='ltr'><strong>vivax</strong></span> <span class='ocrx_word' id='word_1_79' title='bbox 804 2018 989 2088; x_wconf 82' lang='lat' dir='ltr'><strong>apium</strong></span> <span class='ocrx_word' id='word_1_80' title='bbox 1033 2039 1142 2074; x_wconf 89' lang='lat' dir='ltr'><strong>neu</strong></span> <span class='ocrx_word' id='word_1_81' title='bbox 1187 2021 1357 2078; x_wconf 77' lang='lat' dir='ltr'><strong>breve</strong></span> <span class='ocrx_word' id='word_1_82' title='bbox 1402 2023 1599 2080; x_wconf 80' lang='lat' dir='ltr'><strong>lilium.</strong></span> 
     </span>
    </p>
   </div>
   <div class='ocr_carea' id='block_1_10' title="bbox 357 2143 1170 2219">
    <p class='ocr_par' dir='ltr' id='par_1_10' title="bbox 357 2143 1170 2219">
     <span class='ocr_line' id='line_1_19' title="bbox 357 2143 1170 2219; baseline 0.007 -22"><span class='ocrx_word' id='word_1_83' title='bbox 357 2161 546 2198; x_wconf 79' lang='lat' dir='ltr'><strong>omnes</strong></span> <span class='ocrx_word' id='word_1_84' title='bbox 587 2143 646 2198; x_wconf 89' lang='lat' dir='ltr'><strong>in</strong></span> <span class='ocrx_word' id='word_1_85' title='bbox 691 2145 944 2200; x_wconf 85' lang='lat' dir='ltr'><strong>Damalin</strong></span> <span class='ocrx_word' id='word_1_86' title='bbox 991 2148 1170 2219; x_wconf 80' lang='lat' dir='ltr'><strong>putris</strong></span> 
     </span>
    </p>
   </div>
   <div class='ocr_carea' id='block_1_11' title="bbox 355 2231 1605 2372">
    <p class='ocr_par' dir='ltr' id='par_1_11' title="bbox 355 2231 1605 2372">
     <span class='ocr_line' id='line_1_20' title="bbox 442 2231 1605 2300; baseline 0.011 -18"><span class='ocrx_word' id='word_1_87' title='bbox 442 2231 724 2300; x_wconf 75' lang='lat' dir='ltr'><strong>deponent</strong></span> <span class='ocrx_word' id='word_1_88' title='bbox 767 2231 976 2298; x_wconf 81' lang='lat' dir='ltr'><strong>oculos,</strong></span> <span class='ocrx_word' id='word_1_89' title='bbox 1025 2251 1126 2288; x_wconf 86' lang='lat' dir='ltr'><strong>nee</strong></span> <span class='ocrx_word' id='word_1_90' title='bbox 1168 2235 1418 2292; x_wconf 73' lang='lat' dir='ltr'><strong>Damalis</strong></span> <span class='ocrx_word' id='word_1_91' title='bbox 1460 2257 1605 2294; x_wconf 78' lang='lat' dir='ltr'><strong>novo</strong></span> 
     </span>
     <span class='ocr_line' id='line_1_21' title="bbox 355 2313 941 2372; baseline 0.007 -4"><span class='ocrx_word' id='word_1_92' title='bbox 355 2313 650 2369; x_wconf 81' lang='lat' dir='ltr'><strong>divelletur</strong></span> <span class='ocrx_word' id='word_1_93' title='bbox 692 2318 941 2372; x_wconf 84' lang='lat' dir='ltr'><strong>adultero</strong></span> 
     </span>
    </p>
   </div>
   <div class='ocr_carea' id='block_1_12' title="bbox 225 2391 1287 2462">
    <p class='ocr_par' dir='ltr' id='par_1_12' title="bbox 225 2391 1287 2462">
     <span class='ocr_line' id='line_1_22' title="bbox 225 2391 1287 2462; baseline 0.007 -8"><span class='ocrx_word' id='word_1_94' title='bbox 225 2391 308 2455; x_wconf 77' lang='lat'><strong>20‘</strong></span> <span class='ocrx_word' id='word_1_95' title='bbox 439 2399 658 2456; x_wconf 72' lang='lat' dir='ltr'><strong>lascivis</strong></span> <span class='ocrx_word' id='word_1_96' title='bbox 703 2402 882 2456; x_wconf 78' lang='lat' dir='ltr'><strong>ederis</strong></span> <span class='ocrx_word' id='word_1_97' title='bbox 927 2403 1287 2462; x_wconf 75' lang='lat' dir='ltr'><strong>ambitiosior.</strong></span> 
     </span>
    </p>
   </div>
   <div class='ocr_carea' id='block_1_13' title="bbox 987 2563 1399 2583">
    <p class='ocr_par' dir='ltr' id='par_1_13' title="bbox 987 2563 1399 2583">
     <span class='ocr_line' id='line_1_23' title="bbox 987 2563 1399 2583; baseline 0 1376"><span class='ocrx_word' id='word_1_98' title='bbox 987 2563 1399 2583; x_wconf 95' lang='lat' dir='ltr'><strong> </strong></span> 
     </span>
    </p>
   </div>
   <div class='ocr_carea' id='block_1_14' title="bbox 1039 2728 1353 2790">
    <p class='ocr_par' dir='ltr' id='par_1_14' title="bbox 1039 2728 1353 2790">
     <span class='ocr_line' id='line_1_24' title="bbox 1039 2728 1353 2790; baseline 0.016 -5"><span class='ocrx_word' id='word_1_99' title='bbox 1039 2728 1337 2790; x_wconf 86' lang='lat' dir='ltr'>XXXVII</span> <span class='ocrx_word' id='word_1_100' title='bbox 1348 2758 1353 2766; x_wconf 95' lang='lat'>·</span> 
     </span>
    </p>
   </div>
   <div class='ocr_carea' id='block_1_15' title="bbox 345 2870 1665 3116">
    <p class='ocr_par' dir='ltr' id='par_1_15' title="bbox 345 2870 1665 3116">
     <span class='ocr_line' id='line_1_25' title="bbox 347 2870 1665 2951; baseline 0.009 -25"><span class='ocrx_word' id='word_1_101' title='bbox 347 2870 513 2926; x_wconf 81' lang='lat' dir='ltr'><strong>Nune</strong></span> <span class='ocrx_word' id='word_1_102' title='bbox 555 2881 642 2927; x_wconf 80' lang='lat' dir='ltr'><strong>est</strong></span> <span class='ocrx_word' id='word_1_103' title='bbox 682 2873 1006 2944; x_wconf 87' lang='lat' dir='ltr'><strong>bibendum,</strong></span> <span class='ocrx_word' id='word_1_104' title='bbox 1055 2895 1202 2932; x_wconf 86' lang='lat' dir='ltr'><strong>nune</strong></span> <span class='ocrx_word' id='word_1_105' title='bbox 1244 2882 1387 2951; x_wconf 88' lang='lat' dir='ltr'><strong>pede</strong></span> <span class='ocrx_word' id='word_1_106' title='bbox 1430 2881 1609 2938; x_wconf 88' lang='lat' dir='ltr'><strong>libero</strong></span> <span class='ocrx_word' id='word_1_107' title='bbox 1659 2871 1665 2878; x_wconf 61' lang='grc'>’</span> 
     </span>
     <span class='ocr_line' id='line_1_26' title="bbox 345 2957 1389 3029; baseline 0.011 -20"><span class='ocrx_word' id='word_1_108' title='bbox 345 2957 622 3029; x_wconf 78' lang='lat' dir='ltr'><strong>pulsanda</strong></span> <span class='ocrx_word' id='word_1_109' title='bbox 663 2960 850 3027; x_wconf 68' lang='lat' dir='ltr'><strong>telina,</strong></span> <span class='ocrx_word' id='word_1_110' title='bbox 897 2979 1043 3016; x_wconf 88' lang='lat' dir='ltr'><strong>nune</strong></span> <span class='ocrx_word' id='word_1_111' title='bbox 1087 2963 1389 3020; x_wconf 77' lang='lat' dir='ltr'><strong>Saliaribus</strong></span> 
     </span>
     <span class='ocr_line' id='line_1_27' title="bbox 437 3047 1205 3116; baseline 0.009 -19"><span class='ocrx_word' id='word_1_112' title='bbox 437 3061 636 3098; x_wconf 86' lang='lat' dir='ltr'><strong>ornare</strong></span> <span class='ocrx_word' id='word_1_113' title='bbox 679 3047 934 3116; x_wconf 87' lang='lat' dir='ltr'><strong>pulvinar</strong></span> <span class='ocrx_word' id='word_1_114' title='bbox 979 3050 1205 3104; x_wconf 84' lang='lat' dir='ltr'><strong>deorum</strong></span> 
     </span>
    </p>
   </div>
   <div class='ocr_carea' id='block_1_16' title="bbox 515 3134 1533 3206">
    <p class='ocr_par' dir='ltr' id='par_1_16' title="bbox 515 3134 1533 3206">
     <span class='ocr_line' id='line_1_28' title="bbox 515 3134 1533 3206; baseline 0.013 -24"><span class='ocrx_word' id='word_1_115' title='bbox 515 3136 734 3202; x_wconf 84' lang='lat' dir='ltr'><strong>tempus</strong></span> <span class='ocrx_word' id='word_1_116' title='bbox 781 3141 904 3186; x_wconf 83' lang='lat' dir='ltr'><strong>erat</strong></span> <span class='ocrx_word' id='word_1_117' title='bbox 948 3134 1203 3206; x_wconf 75' lang='lat' dir='ltr'><strong>dapibus,</strong></span> <span class='ocrx_word' id='word_1_118' title='bbox 1252 3138 1533 3195; x_wconf 61' lang='lat' dir='ltr'><strong>sodales·-</strong></span> 
     </span>
    </p>
   </div>
   <div class='ocr_carea' id='block_1_17' title="bbox 225 3257 1507 3591">
    <p class='ocr_par' dir='ltr' id='par_1_17' title="bbox 225 3257 1507 3591">
     <span class='ocr_line' id='line_1_29' title="bbox 225 3257 1507 3333; baseline 0.009 -23"><span class='ocrx_word' id='word_1_119' title='bbox 225 3260 260 3310; x_wconf 75' lang='grc' dir='ltr'><strong>δ</strong></span> <span class='ocrx_word' id='word_1_120' title='bbox 349 3257 584 3312; x_wconf 87' lang='lat' dir='ltr'><strong>antehae</strong></span> <span class='ocrx_word' id='word_1_121' title='bbox 626 3259 778 3313; x_wconf 81' lang='lat' dir='ltr'><strong>nefas</strong></span> <span class='ocrx_word' id='word_1_122' title='bbox 825 3261 1148 3333; x_wconf 83' lang='lat' dir='ltr'><strong>depromere</strong></span> <span class='ocrx_word' id='word_1_123' title='bbox 1194 3263 1507 3322; x_wconf 85' lang='lat' dir='ltr'><strong>Caecubum</strong></span> 
     </span>
     <span class='ocr_line' id='line_1_30' title="bbox 346 3341 1235 3419; baseline 0.009 -23"><span class='ocrx_word' id='word_1_124' title='bbox 346 3341 503 3396; x_wconf 81' lang='lat' dir='ltr'><strong>cellis</strong></span> <span class='ocrx_word' id='word_1_125' title='bbox 547 3343 731 3412; x_wconf 79' lang='lat' dir='ltr'><strong>avitis,</strong></span> <span class='ocrx_word' id='word_1_126' title='bbox 781 3347 912 3400; x_wconf 89' lang='lat' dir='ltr'><strong>dum</strong></span> <span class='ocrx_word' id='word_1_127' title='bbox 958 3347 1235 3419; x_wconf 84' lang='lat' dir='ltr'><strong>Capitolio</strong></span> 
     </span>
     <span class='ocr_line' id='line_1_31' title="bbox 433 3427 1174 3498; baseline 0.007 -16"><span class='ocrx_word' id='word_1_128' title='bbox 433 3427 624 3498; x_wconf 84' lang='lat' dir='ltr'><strong>regina</strong></span> <span class='ocrx_word' id='word_1_129' title='bbox 671 3431 942 3486; x_wconf 78' lang='lat' dir='ltr'><strong>dement-is</strong></span> <span class='ocrx_word' id='word_1_130' title='bbox 986 3436 1174 3489; x_wconf 84' lang='lat' dir='ltr'><strong>ruinas</strong></span> 
     </span>
     <span class='ocr_line' id='line_1_32' title="bbox 520 3513 1333 3591; baseline 0.01 -23"><span class='ocrx_word' id='word_1_131' title='bbox 520 3513 682 3570; x_wconf 83' lang='lat' dir='ltr'><strong>funus</strong></span> <span class='ocrx_word' id='word_1_132' title='bbox 729 3532 786 3571; x_wconf 78' lang='lat' dir='ltr'><strong>et</strong></span> <span class='ocrx_word' id='word_1_133' title='bbox 827 3516 1056 3591; x_wconf 87' lang='lat' dir='ltr'><strong>imperio</strong></span> <span class='ocrx_word' id='word_1_134' title='bbox 1101 3523 1333 3591; x_wconf 83' lang='lat' dir='ltr'><strong>parabat</strong></span> 
     </span>
    </p>
   </div>
  </div>
 </body>
</html>
