2459 3959
290 362 421 429 23)
470 372 477 385 '
998 368 1555 427 EPISTVLARVM

457 528 555 584 ille
600 528 773 599 dapes
815 526 1009 581 laudet
1052 542 1279 579 mensae
1322 524 1528 594 brevis,
1571 526 1672 581 ille
1715 526 1996 583 salubrem

455 613 730 669 iustitiam
772 612 1041 684 legesque
1084 618 1143 665 et
1186 609 1396 683 apertis
1441 610 1558 666 otia
1601 611 1802 683 portis,

292 703 412 755 200
459 698 557 755 ille
600 704 759 771 tegat
800 695 1089 763 conmissa,
1134 697 1386 770 deosque
1427 706 1694 767 precetur
1737 708 1794 751 et
1835 705 1959 753 oret

456 791 521 839 ut
563 786 758 841 redeat
801 782 1039 849 miseris,
1082 782 1252 837 abeat
1293 782 1518 837 fortuna
1559 781 1836 855 superbis.

458 869 601 925 tibia
646 888 761 924 non
804 877 867 924 ut
908 884 1060 923 nunc
1102 866 1387 923 orichalco
1431 866 1620 923 vincta
1659 868 1944 941 tubaeque

461 955 698 1024 aemula,
743 956 843 1009 sed
886 952 1071 1009 tenuis
1116 951 1470 1025 simplexque
1511 954 1782 1009 foramine
1823 970 2008 1027 pauco

462 1040 751 1113 adspirare
794 1048 853 1095 et
894 1040 1089 1093 adesse
1134 1036 1320 1092 choris
1363 1046 1484 1093 erat
1525 1037 1681 1093 utilis
1725 1046 1894 1112 atque

294 1130 413 1181 205
464 1127 711 1183 nondum
756 1124 935 1197 spissa
976 1122 1141 1179 nimis
1187 1123 1454 1195 conplere
1497 1123 1700 1180 sedilia
1739 1127 1908 1181 flatus

460 1229 573 1285 quo
617 1227 752 1266 sane
792 1210 1035 1283 populus
1078 1208 1458 1277 numerabilis,
1503 1217 1702 1282 utpote
1744 1228 1966 1281 parvus,

462 1305 523 1353 et
564 1296 714 1368 frugi
758 1304 1056 1367 castusque
1098 1296 1561 1367 verecundusque
1603 1294 1811 1351 coibat.

461 1389 759 1455 postquam
802 1380 991 1453 coepit
1030 1396 1197 1451 agros
1244 1382 1547 1437 extendere
1590 1380 1770 1439 victor
1811 1388 1870 1437 et
1913 1382 2072 1439 urbis

460 1467 629 1525 latior
672 1466 933 1539 amplecti
976 1483 1167 1519 murus
1210 1464 1456 1538 vinoque
1501 1464 1702 1521 diumo

294 1558 413 1609 210
460 1552 673 1625 placari
718 1551 933 1607 Genius
975 1551 1133 1606 festis
1176 1550 1387 1621 inpune
1433 1551 1652 1621 diebus,

459 1637 697 1693 accessit
737 1638 1093 1709 numerisque
1132 1634 1428 1709 modisque
1470 1635 1698 1693 licentia
1741 1636 1938 1694 maior.

462 1722 725 1779 indoctus
770 1723 907 1796 quid
949 1722 1099 1777 enim
1144 1729 1368 1793 saperet
1409 1721 1666 1795 liberque
1709 1722 1984 1793 laborum,

462 1808 705 1864 rusticus
751 1811 964 1864 urbano
1007 1808 1288 1872 confusus,
1334 1806 1516 1879 turpis
1559 1810 1794 1863 honesto
1812 1806 1840 1861 ?

461 1894 545 1949 sic
586 1893 803 1966 priscae
846 1902 1169 1971 motumque
1213 1898 1274 1947 et
1313 1892 1592 1949 luxuriem
1635 1893 1854 1949 addidit
1896 1893 2006 1949 arti

294 1986 326 2037 2
342 1985 413 2036 15
460 1979 673 2035 tibicen
716 1979 1001 2051 traxitque
1044 1994 1217 2051 vagus
1261 1994 1365 2049 per
1403 1978 1625 2052 pulpita
1667 1986 1913 2049 vestem3

462 2065 545 2121 sic
588 2065 757 2120 etiam
776 2092 779 2095 ·
800 2055 1005 2119 fidibus
1047 2080 1213 2119 voees
1255 2080 1482 2121 crevere
1527 2063 1756 2132 severis,

462 2157 521 2206 et
562 2150 695 2205 tulit
738 2149 1023 2221 eloquium
1067 2147 1354 2204 insolitum
1395 2150 1656 2206 facundia
1697 2166 1992 2223 praeceps,

458 2235 793 2307 utiliumque
838 2252 1010 2308 sagax
1050 2252 1240 2289 rerum
1283 2240 1339 2288 et
1385 2234 1575 2291 divina
1614 2234 1788 2291 futuri

460 2320 741 2393 sortilegis
784 2338 900 2375 non
944 2319 1254 2393 discrepuit
1297 2321 1576 2375 sententia
1617 2320 1878 2393 Delphis.

293 2412 413 2463 220
462 2406 703 2462 carmine
746 2406 843 2480 qui
886 2405 1099 2477 tragico
1146 2405 1314 2461 vilem
1357 2405 1592 2461 certavit
1633 2407 1708 2465 ob
1751 2406 1990 2477 hircum,

464 2509 598 2547 mox
641 2490 808 2547 etiam
853 2490 1085 2563 agrestis
1130 2491 1360 2563 Satyros
1405 2492 1640 2548 nudavit
1683 2498 1741 2547 et
1785 2509 1976 2565 asper·

459 2576 729 2633 incolumi
769 2578 1042 2649 gravitate
1088 2576 1272 2632 iocum
1315 2578 1612 2650 temptavit
1655 2596 1742 2646 eo,
1787 2579 1944 2649 quod

456 2663 755 2718 inlecebris
800 2668 922 2717 erat
965 2669 1025 2716 et
1066 2669 1227 2733 grata
1270 2661 1518 2719 novitate
1561 2665 1864 2721 morandus

456 2755 739 2821 spectator
778 2748 1116 2820 functusque
1162 2746 1334 2803 sacris
1379 2756 1438 2803 et
1479 2757 1648 2821 potus
1697 2756 1755 2803 et
1797 2748 1982 2806 exlex.

288 2840 405 2891 225
456 2851 650 2889 verum
693 2833 775 2889 ita
816 2833 1044 2901 risores,
1090 2832 1171 2887 ita
1214 2836 1605 2890 commendare
1649 2833 1856 2889 dicacis

458 2918 757 2975 conveniet
804 2919 1058 2991 Satyros,
1104 2917 1189 2973 ita
1229 2927 1452 2974 vertere
1497 2920 1644 2975 seria
1685 2920 1842 2988 ludo,

456 3023 531 3061 ne
574 3004 891 3078 quicunque
934 3007 1093 3071 deus,
1140 3004 1458 3078 quicunque
1501 3006 1860 3061 adhibebitur
1901 3006 2092 3075 heros,

452 3090 627 3163 regali
674 3098 1007 3163 conspectus
1049 3090 1110 3145 in
1155 3107 1292 3144 auro
1333 3108 1515 3163 nuper
1557 3100 1616 3147 et
1651 3097 1825 3160 ostro,

455 3176 659 3249 migret
700 3176 760 3230 in
804 3179 1064 3233 obscuras
1108 3176 1307 3231 humili
1353 3194 1610 3233 sermone
1651 3176 1935 3246 tabernas,

288 3266 407 3316 230
456 3269 571 3327 aut,
616 3262 750 3315 dum
793 3262 936 3317 vitat
978 3264 1227 3327 humum,
1278 3262 1446 3317 nubis
1491 3270 1550 3317 et
1591 3260 1784 3318 inania
1827 3270 2034 3335 captet.

456 3345 675 3400 effutire
716 3348 857 3402 levis
900 3347 1135 3421 indigna
1176 3348 1470 3419 tragoedia
1511 3365 1728 3415 versus,

456 3437 517 3484 ut
559 3430 717 3486 festis
764 3441 1021 3489 matrona
1066 3433 1281 3489 moveri
1323 3434 1478 3489 iussa
1521 3433 1741 3502 diebus,

450 3514 707 3571 intererit
750 3516 966 3588 Satyris
1008 3519 1262 3591 paullum
1304 3518 1636 3592 pudibunda
1675 3517 1975 3591 protervis.

456 3618 567 3657 non
613 3616 719 3673 ego
760 3601 1019 3660 inornata
1062 3611 1119 3660 et
1163 3604 1510 3661 dominantia
1549 3604 1779 3661 nomina
1821 3604 2003 3661 solum
