2459 3959
880 251 1028 308 ΠΒ.
1065 253 1173 309 111.
1225 259 1469 308 24--27
2065 251 2143 315 81

321 406 419 462 nil
467 424 700 477 parvum
745 415 844 461 aut
884 405 1080 462 humili
1122 410 1305 472 mod0‚

425 491 506 545 nil
547 492 780 546 mortale
822 493 1036 564 loquar.
1082 495 1242 548 dulce
1286 493 1594 566 periculum
1637 504 1741 564 est,

325 595 368 632 o
419 577 657 644 Lenaee,
705 577 863 648 sequi
907 580 1071 632 deum

173 665 267 719 20
431 663 746 736 cingentem
789 663 955 718 viridi
997 672 1248 735 tempora
1290 663 1570 738 pampino·

1076 919 1284 974 XXVI

328 1046 480 1103 Vixi
523 1045 721 1100 duellis
764 1063 941 1117 nuper
982 1045 1216 1100 idoneus

330 1144 398 1189 et
438 1132 673 1186 militavi
715 1149 826 1187 non
870 1131 988 1186 sine
1031 1131 1243 1202 gloria:

428 1235 574 1272 nunc
615 1234 765 1272 arma
809 1218 1235 1288 defunctumque
1280 1217 1427 1272 bello

510 1302 768 1358 barbiton
807 1303 900 1355 hic
941 1302 1126 1373 paries
1171 1303 1417 1370 habebit,

236 1439 272 1488 5
331 1433 560 1487 laevum
601 1430 845 1486 marinae
888 1432 984 1503 qui
1029 1429 1266 1486 Veneris
1311 1433 1457 1487 latus

333 1517 602 1574 custodit.
646 1517 739 1571 hic
780 1516 870 1569 hic
910 1515 1102 1588 ponite
1142 1516 1332 1571 lucida

420 1602 629 1658 funalia
672 1610 730 1657 et
770 1601 942 1656 vectis
985 1610 1040 1656 et
1083 1620 1241 1656 arcus

507 1686 774 1761 oppositis
816 1686 1024 1742 foribus
1069 1687 1319 1743 minacis·

329 1837 368 1873 ο
413 1834 555 1890 quae
598 1816 815 1872 beatam
857 1814 984 1870 diva
1028 1823 1184 1871 tenes
1231 1817 1474 1889 Cyprum
1519 1829 1577 1875 et

197 1912 276 1962 10
332 1901 625 1975 Memphin
670 1911 944 1957 carentem
990 1901 1248 1958 Sithonia
1289 1904 1434 1974 nive,

418 1989 630 2062 regina,
678 1988 898 2042 sublimi
939 1987 1160 2058 flagello

503 2083 670 2146 tange
717 2073 929 2128 Chloen
975 2074 1145 2128 semel
1188 2076 1569 2146 adrogantem.

1055 2332 1292 2388 XXVII

329 2460 524 2532 Inpios
567 2477 763 2532 parrae
807 2460 1107 2516 recinentis
1152 2479 1314 2516 omen

330 2548 498 2601 ducat
541 2555 598 2600 et
638 2563 949 2619 praegnans
993 2546 1142 2600 canis
1187 2556 1283 2601 aut
1327 2547 1396 2601 ab
1439 2564 1575 2620 agro

330 2649 466 2687 rava
511 2632 810 2688 decurrens
853 2633 985 2704 lupa
1026 2631 1315 2688 Lanuvino

414 2717 638 2789 fetaque
682 2718 895 2791 volpes.

249 2853 283 2902 5
334 2852 557 2918 rumpat
600 2853 658 2900 et
700 2864 926 2918 serpens
968 2845 1078 2901 iter
1118 2846 1457 2917 institutum,

335 2930 383 2986 si
425 2950 528 3003 per
571 2931 817 2986 oblicum
860 2931 1052 2986 similis
1099 2932 1334 3004 sagittae

332 3017 533 3072 terruit
575 3035 836 3074 mannos:
882 3036 984 3090 ego
1028 3016 1114 3072 cui
1157 3019 1367 3074 timebo

414 3102 678 3175 providus
721 3121 951 3176 auspex,

329 3237 624 3303 antequam
667 3231 862 3287 stantis
905 3238 1124 3305 repetat
1165 3231 1395 3303 paludes

207 3319 282 3374 10
327 3316 587 3372 imbrium
633 3317 821 3372 divina
861 3317 978 3374 avis
1023 3315 1409 3385 inminutum,

328 3401 573 3458 oscinem
617 3421 840 3459 corvum
881 3421 1044 3476 prece
1089 3402 1363 3458 suscitabo

411 3487 542 3544 solis
587 3490 658 3547 ab
701 3497 841 3545 ortu.

257 3581 455 3624 Horatius
1684 3568 1721 3630 6
