2459 3959
849 338 1085 395 LIBER.
1126 338 1173 397 1.
1226 346 1389 395 7-8
1975 336 2106 399 213

269 493 503 549 tandem
547 491 846 548 dormitum
889 492 1211 547 dimittitur.
1255 494 1346 548 hic
1391 492 1486 549 ubi
1533 512 1698 566 saepe

272 579 557 633 occultum
602 578 753 633 visus
799 580 1095 633 decurrere
1138 578 1306 652 piscis
1351 581 1424 634 ad
1467 580 1710 648 hamum,

118 669 159 716 '1
178 668 219 717 5
268 681 436 719 mane
480 664 653 719 cliens
698 672 759 718 et
799 664 910 718 iam
954 672 1137 719 certus
1184 664 1436 733 conviva,
1482 664 1709 721 iubetur

268 767 406 805 rura
448 750 767 805 suburbana
809 748 1035 804 indictis
1082 766 1265 805 comes
1307 749 1392 807 ire
1433 750 1671 809 Latinis.

266 833 547 906 inpositus
593 834 809 889 mannis
854 853 1047 889 arvum
1090 835 1418 908 caelumque
1461 836 1730 891 Sabinum

268 938 387 974 non
431 928 611 975 cessat
652 920 905 975 laudare.
952 920 1107 976 videt
1150 921 1412 993 ridetque
1454 920 1772 995 Philippus,

270 1013 335 1060 et
376 1004 484 1059 sibi
528 1007 661 1060 dum
704 1006 973 1078 requiem,
1019 1008 1151 1060 dum
1193 1007 1338 1061 risus
1383 1006 1630 1080 undique
1675 1008 1919 1081 quaerit,

128 1090 225 1145 80
276 1092 410 1145 dum
454 1100 669 1164 septem
715 1093 888 1146 donat
932 1091 1213 1160 sestertia,
1261 1101 1454 1147 mutua
1497 1102 1712 1165 septem

271 1175 569 1249 promittit,
615 1178 923 1250 persuadet
964 1177 1051 1231 uti
1092 1186 1374 1232 mercetur
1415 1178 1674 1248 agellum.

272 1270 566 1317 mercatur.
611 1281 684 1317 ne
728 1272 786 1317 te
830 1262 1014 1335 longis
1060 1264 1221 1317 amba
1231 1263 1394 1334 gibus
1440 1263 1588 1317 ultra

271 1366 438 1419 quam
481 1347 616 1403 satis
662 1355 748 1403 est
789 1366 994 1416 morer,
1039 1366 1113 1402 ex
1157 1348 1336 1403 nitido
1381 1349 1446 1402 fit
1486 1347 1728 1403 rusticus
1773 1357 1940 1422 atque

270 1434 454 1489 sulcos
499 1442 557 1487 et
598 1432 787 1488 vineta
832 1442 1025 1506 crepat
1066 1451 1238 1503 mera,
1283 1443 1580 1506 praeparat
1624 1435 1823 1503 ulmos,

126 1521 219 1571 85
268 1517 567 1573 inmoritur
610 1519 808 1577 studiis
853 1528 912 1573 et
958 1536 1144 1574 amore
1192 1518 1438 1574 senescit
1480 1508 1743 1574 habendi.

267 1622 461 1660 verum
505 1603 603 1658 ubi
644 1621 777 1659 oves
820 1604 992 1672 furto,
1040 1605 1235 1659 morbo
1281 1604 1500 1676 periere
1543 1605 1813 1677 capellae,

274 1708 431 1761 spem
474 1689 709 1744 mentita
752 1708 936 1762 seges,
983 1691 1083 1745 bos
1129 1698 1217 1744 est
1262 1698 1489 1745 enectus
1535 1693 1766 1761 arando,

278 1775 520 1831 offensus
567 1774 781 1829 damnis
825 1774 1014 1830 media
1058 1776 1129 1829 de
1174 1784 1338 1831 nocte
1384 1776 1660 1831 caballum

270 1858 471 1933 arripit
510 1860 800 1932 iratusque
840 1860 1090 1932 Philippi
1132 1861 1319 1915 tendit
1361 1863 1432 1916 ad
1477 1861 1652 1918 aedis.

134 1944 221 1999 90
271 1963 439 2017 quem
482 1946 644 2001 simul
690 1945 910 2017 aspexit
954 1948 1209 2000 scabrum
1251 1946 1648 2019 intonsumque
1689 1948 2002 2021 Philippus,

266 2029 475 2087 ‘durus'
518 2031 619 2095 ait,
664 2028 898 2100 ‘Voltei,
946 2031 1110 2085 nimis
1156 2040 1518 2111 attentusque
1562 2033 1770 2089 videris

266 2134 393 2171 esse
438 2115 611 2172 mihi:
658 2114 770 2189 ‘pol
814 2135 902 2171 me
945 2116 1229 2184 miserum,
1274 2127 1530 2188 patrone,
1576 2136 1830 2188 vocares,

270 2201 320 2255 si
364 2202 555 2257 velles’
598 2200 783 2273 inquit
828 2199 1043 2257 ‘verum
1088 2202 1225 2255 mihi
1268 2221 1478 2273 ponere
1521 2222 1742 2259 nomen.

269 2288 422 2359 quod
464 2296 524 2342 te
565 2304 669 2361 per
712 2286 953 2343 Genium
1001 2289 1368 2359 dextramque
1415 2290 1661 2360 deosque
1705 2288 1923 2362 penatis

136 2375 219 2424 95
272 2373 507 2428 obsecro
551 2383 609 2428 et
654 2375 923 2441 obtestor,
971 2372 1121 2428 vitae
1164 2392 1254 2429 me
1297 2376 1472 2428 redde
1516 2374 1732 2445 priori.'

270 2457 370 2529 qui
413 2459 585 2513 semel
629 2459 855 2531 aspexit
898 2467 1171 2530 quantum
1217 2457 1448 2515 dimissa
1491 2458 1683 2533 petitis

272 2552 584 2614 praestent,
629 2551 846 2599 mature
890 2547 1089 2599 redeat
1130 2552 1464 2617 repetatque
1505 2545 1719 2601 relicta.

267 2626 456 2683 metiri
500 2648 561 2685 se
604 2648 885 2703 quemque
929 2648 1031 2685 suo
1076 2630 1305 2684 modulo
1351 2647 1417 2684 ac
1459 2633 1605 2702 pede
1650 2649 1843 2687 verum
1887 2638 1996 2686 est.

1047 2910 1197 2966 VIII

285 3056 450 3115 Celso
494 3060 738 3132 gaudere
782 3066 840 3115 et
883 3059 1027 3114 bene
1071 3076 1191 3112 rem
1236 3076 1433 3129 gerere
1478 3054 1830 3112 Albinovano

270 3146 439 3199 Musa
480 3155 675 3217 rogata
716 3146 882 3211 refer,
932 3142 1123 3198 comiti
1168 3144 1497 3215 scribaeque
1539 3142 1803 3198 Neronis.

269 3229 317 3282 si
361 3238 591 3300 quaeret
633 3230 765 3301 quid
810 3248 1003 3302 agam,
1050 3230 1143 3283 dic
1186 3229 1362 3283 multa
1406 3238 1462 3282 et
1506 3228 1738 3299 pulchra
1781 3228 2090 3286 minantem

267 3312 457 3369 vivere
500 3332 605 3369 nec
645 3324 797 3370 recte
840 3333 943 3369 nec
986 3315 1264 3370 suaviter:
1309 3314 1459 3368 haud
1503 3313 1634 3386 quia
1679 3317 1890 3386 grando

186 3403 220 3453 5
273 3400 591 3453 contuderit
632 3399 762 3455 vitis
808 3400 1099 3473 oleamque
1143 3398 1507 3455 momorderit
1549 3410 1758 3468 aestus,

268 3502 373 3540 nec
417 3484 549 3557 quia
591 3484 911 3557 longinquis
956 3494 1270 3541 armentum
1315 3492 1569 3557 aegrotet
1611 3484 1668 3539 in
1714 3486 1896 3557 agris3

267 3572 368 3627 sed
410 3569 543 3643 quia
584 3580 773 3627 mente
816 3570 997 3627 minus
1042 3570 1262 3625 validus
1308 3588 1474 3641 quam
1519 3588 1749 3643 corpore
1793 3578 1916 3625 toto
