2459 3959
331 279 420 340 w
435 277 442 290 “
1097 284 1518 344 CARMINVM

455 446 514 494 te
556 438 742 493 Dacus
785 455 949 510 asper
989 447 1048 494 te
1089 439 1313 514 profugi
1356 441 1607 513 Scythae,

335 530 409 580 10
458 526 733 596 urbesque
775 531 1083 597 gentesque
1128 533 1186 580 et
1226 525 1449 581 Latium
1494 527 1672 597 ferox,

540 629 845 682 regumque
889 619 1091 666 matres
1136 613 1494 668 barbarorum
1538 620 1596 668 et

628 695 892 769 purpurei
934 705 1186 751 metuunt
1229 698 1469 769 tyranni,

460 822 726 880 iniurioso
769 842 842 878 ne
884 826 1025 896 pede
1068 843 1299 897 proruas

461 915 698 965 stantem
742 910 1066 978 columnam,
1112 929 1222 965 neu
1264 912 1503 984 populus
1546 911 1806 983 frequens

344 999 418 1050 15
550 997 620 1049 ad
666 1013 816 1049 arma
861 996 1126 1050 cessantis
1172 998 1245 1050 ad
1290 1015 1440 1050 arma

632 1080 871 1136 concitet
913 1081 1317 1154 imperiumque
1358 1083 1596 1152 frangat.

468 1208 551 1276 [te
594 1225 813 1279 semper
854 1207 1030 1262 anteit
1073 1227 1236 1263 saeva
1276 1208 1616 1278 Necessitas,

462 1295 644 1348 clavos
689 1293 914 1348 trabalis
961 1303 1018 1348 et
1061 1312 1263 1349 cuneos
1307 1313 1472 1349 manu

548 1386 770 1451 gestans
814 1396 972 1446 aena,
1019 1397 1121 1433 nec
1165 1397 1389 1434 severus

343 1468 420 1521 20
639 1482 812 1518 uncus
857 1467 1016 1520 abest
1058 1465 1441 1538 liquidumque
1482 1466 1787 1539 plumbum.

465 1602 523 1649 te
567 1594 706 1666 Spes
753 1599 808 1647 et
853 1593 981 1647 albo
1023 1610 1148 1647 rara
1191 1593 1359 1648 Fides
1404 1594 1536 1648 colit

464 1675 648 1735 velata
689 1696 892 1750 panae,
939 1678 1086 1744 †nec
1132 1678 1391 1732 comitem
1434 1682 1695 1752 abnegat,

552 1772 836 1834 utcunque
878 1772 1090 1817 mutata
1133 1764 1376 1835 potentis

638 1857 791 1904 veste
836 1851 1028 1903 domos
1071 1849 1297 1903 inimica
1338 1849 1563 1922 linquis.

345 1985 422 2036 25
471 1985 528 2033 at
569 1977 765 2049 volgus
808 1975 1038 2030 infidum
1083 1984 1140 2030 et
1184 1976 1445 2031 meretrix
1487 1985 1637 2035 retro

468 2063 692 2137 periura
735 2063 901 2131 cedit,
949 2061 1247 2133 diffugiunt
1291 2063 1441 2118 cadis

539 2167 662 2204 cum
704 2147 858 2204 faece
902 2147 1115 2202 siccatis
1161 2147 1340 2213 amici,

637 2235 784 2288 ferre
827 2233 1015 2304 iugum
1059 2233 1270 2305 pariter
1313 2230 1537 2299 dolosi.]

468 2379 654 2416 serves
698 2360 904 2415 iturum
950 2362 1241 2417 Caesarem
1285 2361 1342 2416 in
1389 2361 1607 2418 ultimos

349 2453 422 2503 30
471 2447 620 2503 orbis
666 2445 962 2502 Britannos
1009 2457 1065 2502 et
1105 2447 1371 2502 iuvenum
1415 2466 1607 2504 recens

554 2551 785 2587 examen
828 2533 962 2588 Eois
1008 2533 1318 2588 timendum

634 2617 885 2690 partibus
934 2618 1267 2690 Oceanoque
1307 2618 1493 2672 rubro.

469 2748 608 2802 eheu
653 2744 969 2801 cicatricum
1014 2753 1072 2800 et
1115 2743 1339 2800 sceleris
1382 2746 1558 2818 pudet

473 2833 803 2903 fretumque.
851 2832 986 2903 quid
1028 2848 1129 2885 nos
1174 2832 1315 2884 dura
1358 2831 1659 2904 refugimus

349 2923 421 2973 35
555 2927 726 2983 aetas,
773 2916 907 2989 quid
950 2902 1215 2970 intactum
1261 2915 1462 2971 nefasti

637 3001 937 3074 liquimus?
981 3004 1130 3057 unde
1174 3019 1398 3056 manum
1440 3002 1698 3057 iuventus

475 3136 625 3184 metu
669 3131 896 3184 deorum
940 3129 1230 3197 continuit,
1279 3129 1479 3202 quibus

474 3215 721 3288 pepercit
765 3214 912 3269 aris?
959 3234 992 3270 o
1037 3215 1248 3270 utinam
1292 3233 1439 3270 nova

557 3299 759 3354 incude
801 3301 1056 3372 diffingas
1101 3309 1349 3355 retusum
1392 3300 1451 3354 in

351 3386 429 3440 40
645 3385 986 3459 Massagetas
1028 3387 1357 3458 Arabasque
1400 3386 1623 3439 ferrum.
