2459 3959
297 316 378 383 12
1058 325 1475 384 CARMINVM

422 481 556 553 quin
599 486 656 535 et
697 478 924 535 Atridas
970 483 1108 537 duce
1151 491 1208 539 te
1254 484 1519 555 superbos

423 568 530 621 Ilio
577 566 730 620 dives
774 566 1025 622 Priamus
1071 568 1267 623 relicta

299 659 370 708 15
421 652 828 724 Thessalosque
869 651 1013 723 ignis
1058 662 1114 709 et
1157 654 1349 725 iniqua
1393 653 1595 709 Troiae

415 778 426 797 Ι
507 745 688 793 castra
729 737 945 791 fefellit.

425 873 487 919 tu
530 864 650 937 pias
694 864 856 919 laetis
901 864 1108 919 animes
1151 865 1376 938 reponis

426 951 651 1005 sedibus
694 949 960 1022 virgaque
1005 952 1182 1005 levem
1225 968 1444 1005 coerces

424 1055 592 1091 aurea
633 1037 871 1103 turbam,
919 1036 1132 1107 superis
1179 1038 1408 1091 deorum

305 1127 380 1176 20
511 1129 700 1193 gratus
745 1128 802 1176 et
845 1120 989 1177 imis.
1143 1148 1164 1175 s

1216 1360 1344 1462 XI·

427 1498 514 1552 Tu
545 1515 615 1553 ne
645 1497 945 1569 quaesieris
971 1524 1058 1534 --
1088 1496 1226 1552 scire
1256 1498 1411 1552 nefas
1432 1522 1521 1535 —·-
1543 1514 1706 1569 quem
1736 1497 1886 1564 mihi,
1934 1514 2099 1569 quem
2128 1499 2238 1555 tibi

425 1584 589 1637 finem
635 1582 693 1636 di
737 1584 1017 1651 dederint,
1063 1583 1376 1649 Leuconoe,
1422 1601 1525 1638 nec
1566 1582 1901 1654 Babylonios

423 1667 707 1739 temptaris
751 1687 1036 1724 numeros:
1081 1676 1144 1722 ut
1185 1668 1381 1723 melius
1427 1668 1697 1740 quidquid
1740 1669 1846 1723 erit
1888 1668 2022 1741 pati,

431 1771 528 1809 seu
571 1753 746 1825 pluris
791 1753 1002 1809 hiemes
1046 1772 1144 1809 seu
1185 1754 1381 1808 tribuit
1422 1754 1677 1826 Iuppiter
1720 1754 1987 1821 ultimam,

308 1890 340 1940 5
431 1899 572 1954 quae
617 1900 765 1936 nunc
809 1881 1076 1955 oppositis
1123 1880 1375 1935 debilitat
1419 1880 1724 1952 pumicibus
1768 1899 1918 1935 mare

421 1967 791 2039 Tyrrhenum.
837 1968 1053 2039 sapias:
1099 1966 1226 2020 vina
1269 1966 1445 2038 liques
1490 1979 1551 2021 et
1592 1967 1769 2039 spatio
1812 1966 1971 2021 brevi

425 2072 577 2125 spem
620 2053 843 2124 longam
881 2070 1125 2108 reseces.
1171 2052 1301 2105 dum
1345 2051 1637 2123 loquimur,
1683 2052 1889 2123 fugerit
1930 2050 2119 2106 invida.

423 2147 599 2194 aetas:
645 2156 808 2211 carpe
857 2138 1019 2205 diem,
1065 2155 1229 2210 quam
1274 2136 1558 2194 minimum
1601 2139 1826 2193 credula
1868 2144 2115 2210 postem.

1198 2396 1319 2450 XII

420 2530 599 2597 Quem
642 2532 820 2587 virum
865 2541 960 2588 aut
1001 2533 1171 2588 heroa
1213 2532 1335 2603 lyra
1376 2531 1463 2586 vel
1507 2528 1621 2585 acri

419 2616 558 2671 tibia
602 2636 783 2672 sumes
827 2619 1124 2687 celebrare,
1171 2616 1309 2685 Clio,

421 2719 584 2775 quem
631 2704 838 2758 deum‘s>
884 2704 1036 2759 cuius
1081 2704 1293 2759 recinet
1336 2702 1523 2758 iocosa

508 2806 708 2843 nomen
751 2788 932 2861 imago

339 2922 370 2971 5
419 2923 516 2970 aut
557 2916 615 2971 in
659 2916 932 2971 umbrosis
977 2916 1265 2971 Heliconis
1310 2915 1421 2971 oris

417 3009 514 3055 aut
555 3019 724 3073 super
757 3001 956 3071 Pindo,
1000 3003 1259 3075 gelidove
1302 3001 1360 3056 in
1405 3001 1662 3057 Haemo?

416 3088 563 3142 unde
606 3087 849 3143 vocalem
891 3096 1100 3145 temere
1143 3088 1425 3143 insecutae

505 3171 731 3245 Orphea
775 3173 946 3229 silvae

419 3308 536 3356 arte
580 3308 827 3357 materna
869 3300 1091 3375 rapidos
1134 3309 1443 3355 morantem

299 3389 373 3442 10
417 3387 703 3442 fluminum
745 3384 932 3460 lapsus
978 3387 1283 3457 celerisque
1325 3393 1537 3451 vent08‚

417 3474 677 3528 blandum
724 3481 780 3528 et
824 3473 1029 3527 auritas
1073 3472 1277 3527 fidibus
1308 3469 1524 3525 canoris

502 3561 702 3615 ducere
747 3575 998 3631 quercus.
