2459 3959
881 311 1029 368 LIB.
1065 312 1144 371 ΙΙ.
1197 319 1224 367 1
1240 319 1393 370 6-1
1410 320 1443 370 8

317 475 617 541 utrumque
659 473 914 522 nostrum
955 464 1275 523 incredibili
1318 469 1486 524 modo

323 553 606 609 consentit
649 560 876 607 astrum.
919 558 978 606 te
1019 551 1168 607 Iovis
1211 554 1367 626 inpio

404 639 581 695 tutela
625 639 865 693 Saturno
906 636 1188 708 refulgens

493 723 701 796 eripuit
741 721 1092 795 volucrisque
1133 723 1239 779 fati

181 904 264 952 25
319 895 568 951 tardavit
609 895 742 961 alas,
789 892 877 950 cui
918 895 1158 967 populus
1200 895 1463 968 frequens

317 981 527 1037 laetum
569 979 801 1035 theatris
843 988 931 1036 ter
973 980 1190 1052 crepuit
1232 999 1459 1036 sonum:

401 1085 490 1122 me
532 1074 760 1121 truncus
801 1065 1050 1137 inlapsus
1095 1067 1323 1121 cerebro

491 1153 806 1221 sustulerat,
850 1151 958 1205 nisi
999 1151 1225 1205 Faunus
1267 1153 1441 1206 ictum

320 1325 523 1378 dextra
561 1322 820 1391 levasset,
862 1322 1283 1377 Mercurialium

185 1411 268 1465 30
319 1417 503 1465 custos
547 1408 813 1464 virorum.
857 1409 1091 1464 reddere
1134 1408 1387 1464 victimas

402 1496 707 1566 aedemque
749 1493 993 1548 votivam
1036 1503 1352 1548 memento:

492 1597 594 1635 nos
636 1577 898 1634 humilem
938 1577 1198 1634 feriemus
1242 1577 1491 1651 agnam]

1053 1857 1267 1917 xvm

309 2007 371 2064 N
371 2025 445 2063 on
490 2007 627 2061 ebur
669 2021 851 2078 neque
895 2023 1125 2061 aureum

405 2110 530 2148 mea
569 2091 787 2146 renidet
826 2090 886 2145 in
930 2093 1094 2146 domo
1138 2092 1385 2161 lacunar,

312 2197 428 2234 non
471 2177 657 2232 trabes
701 2175 1024 2247 Hymettiae

400 2271 660 2337 premunt
701 2263 982 2317 columnas
1027 2261 1224 2317 ultima
1267 2263 1473 2319 recisas

232 2443 266 2490 5
318 2434 534 2504 Αἰτίοις
579 2451 758 2507 neque
801 2433 980 2489 Attali

397 2521 619 2592 ignotus
663 2522 822 2574 heres
865 2520 1076 2592 regiam
1119 2520 1409 2593 occupavi,

317 2623 426 2662 nec
466 2605 770 2660 Laconicas
814 2604 950 2659 mihi

395 2692 625 2746 trahunt
664 2691 930 2746 honestae
971 2709 1247 2764 purpuras
1293 2691 1550 2748 clientae.

306 2869 368 2919 at
407 2863 548 2919 fides
594 2870 652 2918 et
693 2862 886 2935 ingeni

181 2952 260 3005 10
394 2948 639 3021 benigna
679 2967 822 3006 vena
865 2958 966 3016 est,
1011 2967 1426 3022 pauperemque
1470 2949 1627 3004 dives

305 3052 395 3090 me
437 3034 618 3106 petit3
662 3035 803 3089 nihil
847 3053 1013 3107 supra

399 3121 534 3175 deos
576 3120 806 3189 lacesse,
852 3138 956 3175 nec
997 3128 1283 3192 potentem
1328 3120 1566 3176 amicum

304 3291 548 3364 largiora
589 3293 798 3366 flagito,

392 3379 526 3434 satis
569 3381 764 3435 beatus
810 3379 986 3434 unicis
1034 3379 1271 3435 Sabinis.

181 3471 254 3520 15
302 3464 549 3519 truditur
593 3465 711 3520 dies
756 3465 865 3532 die,

389 3567 680 3623 novaeque
722 3559 965 3624 pergunt
1005 3550 1235 3606 interire
1279 3551 1477 3607 lunae:

235 3642 437 3684 Horatius

1670 3627 1713 3688 4

2056 305 2143 368 49
