2459 3959
393 302 517 364 126
1198 307 1517 362 EPODON

505 463 693 520 Ionius
737 463 848 516 udo
894 478 1017 517 cum
1062 462 1380 533 remugiens
1423 461 1574 516 sinus

387 551 463 604 20
594 555 725 603 noto
771 545 1010 602 carinam
1054 547 1288 619 ruperit.

509 633 692 706 opima
734 633 886 706 quod
929 633 976 688 si
1020 634 1228 705 praeda
1272 650 1439 688 curvo
1485 632 1647 689 litore

596 717 850 791 proiecta
894 737 1112 790 mergos
1155 717 1378 784 iuveris,

508 803 837 858 libidinosus
880 803 1236 858 inmolabitur
1284 820 1451 875 caper

596 896 652 944 et
697 907 844 962 agna
884 889 1362 962 Tempestatibus.

1311 1119 1403 1174 XI

510 1228 679 1297 Petti,
724 1228 865 1283 nihil
908 1247 996 1283 me
1031 1230 1184 1288 ,sicut
1227 1238 1391 1284 antea
1434 1231 1589 1286 iuvat

600 1315 844 1370 scribere
886 1313 1190 1370 versiculos
1236 1333 1421 1370 amore
1464 1335 1784 1389 percussum
1827 1317 2002 1388 gravi,

505 1416 708 1468 amore,
755 1400 849 1472 qui
892 1418 981 1455 me
1024 1408 1247 1471 praeter
1290 1401 1465 1455 omnis
1510 1403 1724 1475 expetit

599 1485 855 1540 mollibus
898 1485 955 1539 in
1000 1486 1186 1557 pueris
1231 1495 1328 1541 aut
1371 1487 1427 1540 in
1470 1488 1673 1560 puellis
1717 1505 1899 1542 urere.

433 1577 464 1625 5
511 1571 602 1626 hic
643 1571 840 1625 tertius
886 1571 1200 1638 december,
1248 1590 1320 1626 ex
1365 1590 1475 1644 quo
1521 1573 1709 1627 destiti

597 1656 826 1712 Inachia
867 1656 1072 1724 furere,
1117 1655 1267 1711 silvis
1310 1657 1578 1712 honorem
1624 1655 1852 1713 decutit.

512 1742 624 1797 heu
668 1760 776 1808 me,
823 1759 925 1814 per
968 1742 1162 1796 urbem
1211 1773 1289 1784 —
1337 1761 1464 1797 nam
1508 1745 1684 1814 pudet
1728 1740 1872 1797 tanti
1914 1741 2046 1795 mali
2090 1768 2165 1778 --

599 1826 786 1882 fabula
828 1833 1036 1898 quanta
1076 1827 1182 1880 fui!
1229 1827 1606 1883 conviviorum
1653 1837 1715 1883 ut
1757 1826 2025 1899 paenitet,

511 1913 569 1968 in
615 1911 738 1985 quis
784 1920 1059 1966 amantem
1104 1919 1162 1966 et
1204 1914 1442 1986 languor
1484 1921 1540 1968 et
1584 1913 1862 1970 silentium

395 2009 468 2057 10
599 1997 782 2070 arguit
824 2004 881 2052 et
924 1998 1102 2052 latere
1144 1999 1356 2071 petitus
1401 1999 1511 2054 imo
1556 1998 1812 2072 spiritus!

517 2081 800 2140 ‘contrane
845 2084 1058 2138 lucrum
1101 2084 1180 2137 nil
1225 2085 1411 2139 valere
1457 2085 1750 2139 candidum

598 2169 856 2242 pauperis
900 2168 1203 2241 ingenium’
1250 2169 1521 2243 querebar
1563 2171 1858 2243 adplorans
1904 2166 2032 2234 tibi,

519 2255 679 2310 simul
726 2254 956 2310 calentis
1003 2254 1407 2310 inverecundus
1452 2255 1589 2309 deus

597 2339 896 2394 fervidiore
941 2357 1093 2395 mero
1138 2358 1339 2396 arcana
1380 2347 1664 2412 promorat
1705 2341 1844 2394 loco·

392 2432 464 2481 15
514 2421 734 2498 ‘quodsi
777 2424 914 2478 meis
957 2424 1237 2482 inaestuet
1279 2425 1617 2497 praecordiis

594 2509 772 2564 libera
813 2509 960 2576 bilis,
1006 2520 1067 2566 ut
1109 2513 1246 2566 haec
1287 2511 1505 2581 ingrata
1546 2509 1726 2565 ventis
1772 2508 1984 2564 dividat

511 2596 759 2650 fomenta
802 2595 999 2649 volnus
1044 2597 1125 2650 nil
1169 2597 1375 2650 malum
1419 2596 1660 2650 levantia

598 2679 816 2736 desinet
857 2680 1144 2753 inparibus
1191 2690 1407 2736 certare
1452 2683 1736 2735 submotus
1779 2670 2000 2752 pudor-⁹

512 2766 607 2820 ubi
651 2767 788 2820 haec
831 2784 1052 2820 severus
1096 2774 1153 2822 te
1197 2767 1381 2837 palam
1425 2766 1792 2832 laudaveram,

397 2856 472 2908 20
600 2851 781 2906 iussus
825 2850 978 2905 abire
1023 2853 1247 2905 domum
1290 2852 1508 2906 ferebar
1549 2852 1761 2906 incerto
1805 2852 1951 2924 pede

511 2939 581 2992 ad
626 2955 738 2991 non
782 2935 984 2990 amicos
1027 2938 1136 2991 heu
1180 2936 1315 2990 mihi
1359 2936 1533 3010 postis
1578 2943 1634 2992 et
1676 2938 1787 2991 heu

597 3022 788 3076 limina
832 3022 991 3088 dura,
1039 3021 1241 3094 quibus
1286 3022 1503 3077 lumbos
1549 3030 1607 3077 et
1651 3021 1853 3094 infregi
1895 3023 2059 3076 latus,

509 3125 656 3162 nunc
697 3106 985 3179 gloriantis
1030 3108 1336 3179 quamlibet
1378 3107 1763 3162 mulierculam

599 3192 818 3247 vincere
861 3192 1093 3248 mollitie
1138 3211 1294 3249 amor
1335 3192 1554 3264 Lycisci
1596 3211 1684 3247 me
1725 3199 1915 3260 teuet3

393 3287 465 3336 25
515 3281 662 3334 unde
707 3277 968 3350 expedire
1013 3297 1124 3332 non
1170 3279 1469 3334 amicorum
1517 3285 1723 3350 queant

598 3363 774 3417 libera
817 3363 1048 3417 consilia
1089 3382 1192 3419 nec
1236 3363 1601 3420 contumeliae
1644 3379 1859 3434 graves,

517 3449 614 3503 sed
656 3445 794 3500 alius
841 3448 1006 3501 ardor
1049 3456 1146 3503 aut
1187 3449 1407 3520 puellae
1451 3448 1720 3504 candidae

600 3537 694 3585 aut
736 3530 931 3586 teretis
976 3533 1136 3606 pueri
1179 3535 1403 3606 longam
1444 3532 1766 3588 renodantis
1813 3549 2041 3588 comam.
