2459 3959
322 313 406 375 18
1083 317 1504 376 CARMINVM

1214 496 1391 553 XVII

451 646 637 701 Velox
681 661 970 699 amoenum
1016 662 1180 715 saepe
1221 643 1561 699 Lucretilem

449 740 627 786 mutat
666 732 900 802 Lycaeo.
930 730 1152 787 Faunus
1196 738 1254 783 et
1294 729 1517 801 igneam

538 817 790 872 defendit
832 824 1098 870 aestatem
1144 816 1369 887 capellis

615 920 790 975 usque
832 901 969 956 meis
1013 901 1343 973 pluviosque
1384 909 1597 957 ventos·

373 1066 405 1113 5
452 1058 664 1129 inpune
707 1064 888 1111 tutum
930 1075 1034 1129 per
1076 1075 1271 1112 nemus
1313 1058 1541 1111 arbutos

453 1152 726 1216 quaerunt
769 1143 992 1201 latentis
1039 1151 1098 1197 et
1140 1143 1331 1213 thyma
1372 1142 1561 1197 deviae

539 1228 740 1283 olentis
785 1246 986 1283 uxores
1031 1227 1232 1293 mariti,

612 1332 716 1369 nec
759 1314 950 1368 viridis
995 1321 1251 1373 metuunt
1294 1312 1545 1368 colubras

455 1484 560 1524 nec
601 1468 876 1524 Martialis
921 1467 1216 1523 Haediliae
1260 1467 1438 1539 lupos,

335 1558 409 1611 10
455 1564 736 1626 utcunque
781 1554 948 1622 dulci,
980 1552 1261 1624 ³Tyndari,
1303 1552 1489 1607 fistula

541 1640 701 1695 vallis
745 1648 800 1695 et
843 1639 1074 1695 Vsticae
1121 1638 1372 1693 cubantis

617 1725 762 1781 levia
804 1741 1138 1797 personuere
1181 1741 1331 1779 saxa.

457 1882 514 1936 di
557 1899 645 1936 me
689 1886 932 1948 tuentur,
978 1878 1064 1933 dis
1107 1878 1284 1949 pietas
1327 1896 1449 1933 mea

459 1977 515 2023 et
558 1985 715 2021 musa
758 1942 913 2021 cbrdi
959 1972 1059 2019 est.
1107 1964 1198 2019 hic
1241 1963 1343 2018 tibi
1388 1964 1547 2037 copia

340 2058 410 2107 15
547 2052 791 2107 manabit
834 2053 905 2105 ad
949 2051 1174 2122 plenum
1218 2049 1460 2121 benigno

620 2137 762 2193 ruris
805 2138 1078 2193 honorum
1119 2136 1384 2207 opulenta
1425 2154 1615 2191 cornu.

458 2294 548 2349 hic
591 2292 650 2347 in
692 2293 922 2347 reducta
963 2290 1108 2346 valle
1153 2290 1439 2347 caniculae

463 2379 665 2434 vitabis
709 2386 894 2431 aestus
941 2385 997 2431 et
1039 2378 1150 2431 fide
1193 2376 1335 2431 Teia

546 2465 694 2519 dices
724 2462 1022 2518 laborantis
1066 2463 1124 2515 in
1167 2481 1277 2517 uno

341 2558 416 2606 20
622 2549 941 2621 Penelopen
984 2547 1328 2621 vitreamque
1375 2547 1595 2604 Circen.

462 2704 554 2759 hic
594 2702 905 2759 innocentis
949 2703 1154 2776 pocula
1195 2702 1389 2757 Lesbii

468 2792 634 2846 duces
680 2790 784 2845 sub
827 2790 1040 2855 umbra,
1086 2806 1190 2843 nec
1232 2787 1535 2843 Semeleius

550 2894 674 2929 cum
715 2874 898 2929 Marte
945 2874 1247 2928 confundet
1290 2874 1591 2944 Thyoneus

621 2960 848 3033 proelia,
893 2977 1000 3015 nec
1041 2968 1257 3015 metues
1300 2968 1625 3032 protervum

345 3118 418 3167 25
467 3120 724 3183 suspecta
769 3110 990 3183 Cyrum,
1037 3131 1109 3167 ne
1153 3114 1297 3168 male
1340 3113 1549 3185 dispari

466 3197 859 3253 incontinentis
904 3198 1096 3253 iniciat
1137 3217 1335 3254 manus

553 3291 610 3339 et
652 3282 868 3337 scindat
909 3285 1231 3339 haerentem
1276 3302 1534 3339 coronam

631 3368 872 3425 crinibus
917 3369 1343 3443 inmeritamque
1386 3378 1619 3424 vestem.
