2459 3959
293 255 420 346 184
1039 261 1495 318 sA‘rInAnvm

463 423 594 472 sunt
637 435 868 488 quorum
914 415 1192 488 ingenium
1243 435 1389 472 nova
1446 426 1660 474 tantum
1722 421 1967 474 crustula
2008 419 2229 491 promit.

475 519 824 573 nequaquam
869 501 1000 556 satis
1045 501 1102 554 in
1146 520 1206 556 re
1252 520 1365 557 una
1406 521 1727 559 consumere
1772 523 1987 570 curam3

468 595 532 640 ut
575 586 746 658 siquis
792 586 970 640 solum
1013 587 1136 651 hoc,
1181 589 1326 642 mala
1367 605 1439 643 ne
1484 589 1597 644 sint
1637 589 1783 658 vina,
1828 591 2065 658 laboret,

347 677 422 727 50
470 671 622 744 quali
665 671 962 744 perfundat
1005 672 1168 743 piscis
1214 691 1439 728 securus
1484 675 1655 730 olive.

469 756 712 812 Massica
757 756 800 812 si
847 757 999 811 caelo
1044 777 1323 830 suppones
1368 759 1497 814 vina
1540 778 1753 826 sereno,

469 851 738 897 nocturna
783 841 964 914 siquid
1010 844 1178 898 crassi
1225 855 1312 898 est
1355 846 1677 900 tenuabitur
1719 863 1868 912 aura,

471 937 528 982 et
571 929 803 982 decedet
845 928 984 982 odor
1029 928 1213 983 nervis
1259 929 1545 984 inimicus:
1591 939 1647 986 st
1690 930 1787 986 illa

469 1013 742 1084 integrum
789 1015 1031 1084 perdunt
1075 1015 1188 1068 lino
1235 1014 1429 1070 vitiata
1472 1034 1743 1088 saporem.

347 1103 420 1152 55
471 1099 799 1153 Surrentina.
843 1098 998 1152 vafer
1041 1099 1137 1172 qui
1182 1100 1379 1156 miscet
1420 1101 1574 1156 faece
1617 1103 1855 1158 Falerna

464 1184 613 1251 vina,
660 1183 972 1238 columbino
1019 1185 1208 1239 limum
1257 1187 1397 1242 bene
1445 1187 1677 1260 conligit
1718 1205 1841 1244 ovo.

471 1277 744 1340 quatenus
791 1269 896 1324 ima
942 1271 1085 1340 petit
1129 1272 1357 1326 volvens
1402 1272 1578 1326 aliens
1622 1273 1864 1328 vitellus.

474 1354 636 1409 tostis
679 1363 1014 1409 marcentem
1057 1356 1270 1428 squillis
1315 1358 1591 1416 recreabis
1639 1368 1698 1414 et
1738 1358 1879 1412 Afra

472 1447 724 1510 potorem
768 1440 1019 1496 cochlea:
1064 1461 1192 1496 nam
1236 1443 1451 1498 lactuca
1495 1443 1711 1498 innatat
1752 1442 1866 1497 acri

346 1530 426 1582 60
472 1533 600 1595 post
641 1524 827 1579 vinum
873 1528 1183 1593 stomacho;
1227 1546 1401 1599 perna
1444 1529 1619 1600 magis
1664 1546 1730 1582 sc
1772 1526 1947 1598 magis
1992 1526 2143 1581 hillis

472 1609 688 1682 flagitat
727 1609 1002 1666 inmorsus
1045 1613 1214 1676 refici,
1262 1614 1394 1684 quin
1440 1614 1619 1668 omnis
1666 1613 1839 1676 malit,

477 1713 836 1768 quaecunque
882 1696 1154 1751 inmundis
1198 1698 1415 1752 fervent
1458 1700 1645 1754 adlata
1689 1697 1927 1772 popinis.

475 1789 562 1836 est
605 1799 808 1851 operae
851 1781 1088 1853 pretium
1136 1783 1371 1854 duplicis
1415 1803 1745 1856 pernoscere
1789 1783 1923 1838 iuris

477 1873 746 1920 naturam.
793 1865 1026 1938 simplex
1071 1886 1102 1922 e
1149 1869 1298 1922 dulci
1346 1878 1563 1924 constat
1607 1870 1772 1933 olivo,

353 1957 429 2006 65
479 1952 628 2022 quod
671 1951 863 2024 pingui
907 1953 1137 2008 miscere
1183 1971 1331 2008 mero
1377 1955 1660 2027 muriaque
1706 1952 1923 2009 decebit

481 2053 592 2090 non
637 2036 744 2090 alia
787 2056 948 2109 quam
995 2057 1104 2110 qua
1146 2039 1419 2109 Byzantia
1463 2041 1649 2111 putuit
1690 2057 1837 2096 orca.

479 2122 583 2175 hoc
627 2121 721 2175 ubi
766 2123 1054 2178 confusum
1097 2125 1262 2178 sectis
1307 2125 1575 2180 inferbuit
1617 2125 1801 2180 herbis

483 2205 829 2279 Corycioque
874 2226 1034 2263 croco
1079 2228 1328 2280 sparsum
1374 2211 1551 2276 stetit,
1598 2211 1825 2283 insuper
1868 2207 2043 2262 addes

482 2309 676 2362 pressa
720 2293 1073 2348 Venafranae
1118 2297 1268 2366 quod
1313 2296 1451 2349 baca
1493 2296 1709 2350 remisit
1750 2295 1950 2350 olivae.

369 2383 397 2429 7
411 2382 442 2430 0
490 2375 710 2430 Picenis
756 2380 964 2432 cedunt
1007 2380 1182 2450 pomis
1229 2381 1485 2435 Tiburtia
1530 2399 1690 2436 suco:

487 2479 612 2515 nam
656 2461 798 2516 facie
843 2474 1148 2536 praestant.
1195 2467 1466 2520 venucula.
1508 2465 1771 2520 convenit
1814 2464 1968 2520 ollis:

486 2546 690 2602 rectius
736 2548 1009 2603 Albanam
1051 2551 1200 2603 fumo
1246 2551 1529 2606 duraveris
1574 2570 1756 2606 uvam.

487 2632 631 2686 hanc
678 2651 783 2705 ego
828 2652 951 2688 cum
995 2635 1169 2702 malis,
1218 2653 1323 2708 ego
1368 2638 1575 2692 faecem
1619 2637 1830 2709 primus
1874 2641 1935 2690 et
1976 2633 2134 2700 allec,

486 2715 694 2788 primus
741 2727 799 2772 et
841 2719 1094 2774 invenior
1135 2720 1297 2793 piper
1341 2722 1525 2776 album
1568 2740 1691 2776 cum
1736 2721 1853 2776 sale
1898 2719 2059 2790 nigro

365 2808 441 2855 75
491 2803 758 2858 incretum
803 2805 956 2876 puris
1000 2805 1455 2876 circumposuisse
1498 2807 1717 2862 catillis.

489 2886 711 2941 inmane
758 2899 845 2944 est
887 2890 1103 2955 vitium,
1150 2892 1285 2944 dare
1330 2892 1485 2947 milia
1526 2903 1683 2948 terna
1726 2890 1957 2946 macello

491 2982 837 3046 angustoque
880 2992 1049 3044 vagos
1091 2975 1257 3047 piscis
1302 2995 1538 3044 urguere
1584 2976 1789 3033 catino.

491 3075 690 3130 magna
734 3069 916 3114 movet
958 3062 1241 3115 stomacho
1285 3063 1525 3128 flastidia,
1572 3081 1667 3118 seu
1712 3079 1851 3135 puer
1895 3057 2078 3112 unctis

492 3144 753 3199 tractavit
797 3147 1026 3200 calicem
1072 3146 1344 3214 manibus,
1393 3150 1523 3202 dum
1565 3149 1741 3203 frusta
1785 3146 2025 3217 ligurrit,

358 3231 443 3280 :80
491 3228 608 3282 sive
651 3231 833 3299 gravis
878 3231 1049 3285 veteri
1095 3241 1369 3287 creterrae
1416 3233 1581 3288 limus
1624 3232 1894 3288 adhaesit.

493 3312 696 3366 vilibus
742 3313 797 3368 in
844 3317 1046 3388 scopis,
1092 3317 1148 3371 in
1195 3317 1433 3388 mappis,
1482 3318 1537 3372 in
1583 3321 1748 3373 scobe
1792 3325 2031 3390 quantus

494 3395 749 3450 consistit
795 3401 1082 3471 sumptus?
1127 3401 1420 3474 neglectis,
1464 3403 1734 3476 flagitium
1780 3403 1999 3474 ingens.

815 3529 824 3560 1
