2459 3959
966 346 1201 403 LIBER
1243 346 1324 403 ΙΙ.
1373 353 1406 403 8
2031 338 2162 403 258

384 497 666 555 scribendi
708 506 861 555 recte
904 516 1101 572 sapere
1146 505 1232 553 est
1275 505 1334 554 et
1374 497 1706 572 principium
1752 506 1812 553 et
1853 498 2015 555 fons:

214 586 339 639 810
384 603 503 641 rem
547 585 653 640 tibi
698 584 1017 641 Socraticae
1058 592 1329 657 poterunt
1371 586 1669 639 ostendere
1713 584 1956 651 chartae,

384 671 669 743 verbaque
709 670 990 743 provisam
1032 688 1151 725 rem
1194 688 1308 725 non
1353 669 1530 725 invita
1573 678 1892 742 sequentur.

384 755 483 827 qui
528 756 722 811 didicit
767 756 983 829 patriae
1024 754 1163 828 quid
1206 756 1411 810 debeat
1453 762 1515 810 et
1556 754 1691 828 quid
1733 754 1948 823 amicis,

383 857 495 914 quo
539 840 614 895 sit
652 858 840 896 amore
882 857 1087 913 parens
1131 857 1244 912 quo
1283 840 1456 896 frater
1502 841 1768 895 amandus
1813 846 1870 893 et
1911 840 2133 914 hospes,

382 927 536 997 quod
579 925 653 982 sit
698 926 997 997 conscripti
1042 928 1193 997 quod
1238 924 1438 981 iudicis
1481 925 1742 993 officium,
1787 942 1932 997 quae

215 1013 337 1064 815
388 1019 575 1081 partes
616 1011 676 1066 in
720 1012 929 1067 bellum
972 1009 1128 1066 missi
1172 1010 1348 1079 ducis,
1392 1010 1488 1065 ille
1529 1012 1783 1084 profecto

386 1097 624 1153 reddere
669 1112 939 1170 personae
985 1095 1091 1150 scit
1134 1096 1524 1151 convenientia
1570 1095 1791 1169 cuique.

387 1180 665 1253 respicere
710 1181 998 1254 exemplar
1040 1180 1185 1236 vitae
1226 1198 1554 1254 morumque
1598 1181 1808 1236 iubebo

380 1267 603 1323 doctum
648 1266 986 1322 imitatorem
1032 1274 1091 1321 et
1131 1265 1286 1323 vivas
1330 1266 1463 1321 hinc
1507 1269 1711 1321 ducere
1752 1281 1934 1321 voees.

384 1350 668 1407 interdum
713 1351 965 1423 speciosa
1006 1351 1143 1406 locis
1186 1360 1516 1424 morataque
1558 1360 1712 1407 recte

215 1439 335 1491 820
382 1436 573 1491 fabula
614 1437 823 1492 nullius
867 1436 1110 1505 veneris,
1152 1437 1275 1492 sine
1315 1440 1566 1510 pondere
1613 1444 1670 1493 et
1713 1442 1856 1510 arte,

381 1521 605 1577 valdius
650 1522 898 1577 oblectat
938 1523 1204 1596 populum
1248 1523 1560 1595 meliusque
1601 1528 1852 1577 moratur
1917 1590 1924 1597 .

382 1624 547 1679 quam
590 1625 782 1663 versus
826 1607 1021 1680 inopes
1065 1626 1253 1663 rerum
1294 1625 1589 1681 nugaeque
1630 1624 1887 1669 canorae.

385 1692 551 1748 Grais
593 1692 901 1764 ingenium,
948 1692 1113 1748 Grais
1156 1692 1312 1747 dedit
1356 1711 1451 1749 ore
1493 1695 1736 1749 rotundo

382 1778 548 1832 Musa
588 1778 762 1851 loqui,
806 1786 1032 1851 praeter
1072 1778 1294 1832 laudem
1337 1778 1542 1833 nullius
1585 1778 1786 1833 avaris.

213 1866 334 1917 825
381 1862 619 1918 Romani
661 1863 821 1935 pueri
863 1862 1045 1934 longis
1085 1863 1396 1920 rationibus
1439 1882 1618 1919 assem

380 1948 600 2004 discunt
642 1948 699 2004 in
744 1948 919 2021 partis
961 1957 1183 2005 centum
1226 1949 1515 2007 diducere.
1562 1948 1734 2005 ‘dicat

379 2032 527 2089 filius
568 2034 782 2101 Albini,
828 2033 877 2089 si
920 2036 991 2089 de
1035 2035 1348 2106 quincunce
1388 2043 1604 2092 remota
1647 2041 1735 2089 est

377 2118 561 2185 uncia,
604 2119 741 2193 quid
785 2119 1051 2191 superat?
1096 2128 1321 2192 poteras
1368 2120 1618 2175 dixisse?
1664 2108 1893 2174 ‘tn-iens?
1938 2114 2064 2174 ‘eu.'

377 2220 495 2258 rem
538 2204 747 2276 poteris
792 2222 1012 2260 servare
1054 2212 1225 2261 tuam.
1271 2205 1416 2261 redit
1463 2206 1642 2274 uncia,
1687 2204 1822 2278 quid
1865 2204 1985 2257 fit?

214 2292 337 2345 880
388 2288 613 2345 ‘semim’
656 2308 747 2356 an,
791 2292 930 2345 haec
972 2290 1183 2346 animos
1229 2309 1437 2364 aerugo
1482 2298 1540 2347 et
1583 2308 1716 2345 eura
1758 2288 1943 2361 peculi

382 2391 507 2429 cum
551 2376 723 2431 semel
766 2374 1035 2443 inbuerit,
1080 2393 1364 2450 speramus
1410 2376 1658 2432 carmina
1697 2374 1835 2446 fingi

382 2478 549 2531 posse
591 2460 821 2516 linenda
864 2462 1031 2515 cedro
1076 2456 1135 2518 et
1176 2462 1289 2517 levi
1332 2463 1608 2517 servanda
1649 2458 1950 2532 cupresso?

386 2554 484 2601 aut
526 2548 795 2618 prodesse
838 2546 1055 2617 volunt,
1103 2556 1199 2602 aut
1245 2547 1526 2603 delectare
1571 2554 1791 2619 poetae,

379 2638 477 2685 aut
518 2630 683 2685 simul
725 2640 785 2687 et
824 2631 1069 2687 iucunda
1112 2640 1168 2688 et
1211 2632 1416 2688 idonea
1459 2632 1646 2687 dicere
1689 2632 1856 2686 vitae.

210 2720 329 2770 885
378 2715 651 2790 quidquid
694 2716 1020 2789 praecipies,
1068 2725 1189 2774 esto
1232 2718 1443 2783 brevis,
1486 2724 1552 2772 ut
1593 2717 1706 2772 cito
1752 2716 1916 2789 dicta,

376 2800 685 2873 percipiant
726 2801 895 2856 animi
940 2802 1149 2858 dociles
1194 2809 1534 2876 teneantque
1576 2803 1790 2858 fideles.

378 2902 544 2942 omne
589 2905 987 2959 supervacuum
1031 2887 1204 2959 pleno
1252 2890 1326 2943 de
1368 2897 1600 2961 pectore
1645 2893 1855 2941 manat.

375 2971 509 3027 ficta
550 2972 852 3045 voluptatis
896 2990 1091 3028 caussa
1134 2973 1248 3028 siut
1289 2973 1546 3046 proxima
1588 2972 1753 3038 veris,

374 3074 447 3113 ne
490 3059 857 3131 quodcunque
902 3059 1055 3113 volet
1094 3046 1290 3131 poseat
1335 3058 1441 3114 sibi
1482 3058 1672 3113 fabula
1713 3056 1885 3126 credi,

208 3147 328 3198 840
376 3161 487 3198 neu
528 3161 765 3217 pransae
808 3144 1037 3199 Lamiae
1079 3145 1269 3201 vivum
1311 3161 1546 3217 puerum
1589 3144 1846 3199 extrahat
1885 3143 2027 3199 alvo.

377 3228 662 3286 centuriae
706 3228 985 3285 seniorum
1027 3228 1243 3302 agitant
1286 3228 1540 3301 expertia
1579 3226 1784 3301 frugis,

380 3314 517 3371 celsi
559 3321 919 3387 praetereunt
960 3323 1184 3370 austera
1226 3322 1485 3387 poemata
1526 3315 1798 3379 Ramnes:

0 3321 7 3527 J
376 3418 541 3455 omne
584 3400 715 3454 tulit
756 3407 1022 3471 punctum
1068 3401 1165 3475 qui
1207 3400 1435 3455 miscuit
1477 3400 1614 3455 utile
1658 3400 1826 3468 dulci,

1 3530 4 3543 ε
376 3485 645 3541 lectorem
689 3484 1017 3539 delectando
1060 3486 1386 3560 pariterque
1429 3488 1728 3543 monendo.

2 3582 13 3830 1
214 3578 331 3630 845
380 3569 475 3627 hie
516 3571 712 3628 meret'
736 3587 871 3626 aera
912 3570 1056 3627 liber
1098 3571 1296 3641 Sosiis,
1339 3571 1434 3627 hic
1477 3579 1536 3627 et
1576 3590 1728 3629 mare
1769 3573 1970 3629 transit
