2459 3959
303 294 433 357 2⁰4
1002 304 1330 359 EPISTVL
1341 308 1382 358 Α
1393 308 1558 361 RVM

474 472 577 509 nee
618 454 823 511 medici
866 456 1045 511 credis
1092 454 1195 513 nec
1241 460 1509 516 curatoris
1556 480 1722 535 egere

474 558 507 594 a
550 548 809 613 praetore
854 542 988 609 dati,
1034 562 1221 598 rerum
1267 547 1442 600 tutela
1487 566 1730 603 mearum

470 644 595 679 cum
640 626 715 681 sis
760 634 820 680 et
860 645 1033 698 prave
1078 637 1294 684 sectum
1339 634 1698 689 stomacheris
1744 634 1815 688 ob
1859 654 2108 708 unguem

308 715 422 764 105
476 712 546 765 de
588 720 645 765 te
690 713 1005 782 pendentis,
1050 723 1108 768 te
1150 714 1499 787 respicientis
1545 720 1728 775 amici.

472 798 543 850 ad
586 814 870 862 summam,
916 798 1136 871 sapiens
1180 818 1293 855 uno
1339 802 1520 857 minor
1563 813 1650 859 est
1691 806 1845 872 Iove,
1891 806 2064 875 dives,

473 882 633 949 liber,
680 883 1009 951 honoratus,
1054 886 1306 955 pulcher,
1353 906 1454 942 rex
1500 890 1742 962 denique
1787 910 2002 963 regum,

469 967 765 1040 praecipue
810 986 994 1039 sanus,
1038 970 1147 1025 nisi
1192 989 1317 1027 cum
1361 972 1566 1045 pituita
1607 976 1837 1031 molesta
1881 985 1986 1032 est.

1251 1255 1313 1310 11

430 1401 660 1457 Troiani
703 1400 838 1455 belli
882 1401 1231 1473 scriptorem,
1278 1399 1524 1455 Maxime
1567 1400 1732 1468 Lolli,

427 1490 560 1542 dum
602 1496 663 1541 tu
709 1487 985 1543 declamas
1029 1487 1265 1551 Romae,
1311 1484 1614 1541 Praeneste
1661 1488 1862 1557 relegi:

427 1576 524 1646 qui
555 1573 690 1644 quid
714 1571 787 1625 sit
807 1573 1117 1642 pulchrum,
1145 1572 1281 1643 quid
1311 1579 1494 1642 turpe,
1527 1572 1662 1643 quid
1703 1575 1857 1639 utile,
1905 1576 2040 1647 quid
2076 1596 2208 1645 non,

427 1659 646 1731 planiu's
692 1675 757 1711 ac
798 1657 995 1712 melius
1044 1656 1354 1727 Chrysippo
1401 1666 1457 1711 et
1503 1657 1772 1713 Crantore
1818 1661 1972 1717 dicit.

346 1751 377 1799 5
430 1762 528 1798 cur
569 1743 649 1797 ita
693 1743 1044 1810 crediderim,
1090 1742 1196 1797 nisi
1245 1743 1379 1813 quid
1425 1752 1480 1795 te
1525 1743 1758 1810 detinet,
1806 1748 1956 1801 audi.

421 1830 625 1894 sabula,
672 1842 784 1900 qua
828 1827 1045 1884 Paridis
1090 1837 1321 1899 propter
1363 1838 1622 1882 narratur
1663 1848 1909 1885 amorem

428 1914 663 1969 Graecia
708 1914 1008 1969 Barbariae
1054 1913 1207 1968 lento
1253 1914 1466 1969 conlisa
1509 1915 1710 1977 due110,

426 2001 719 2055 stultorum
764 2016 958 2071 regum
1003 2009 1060 2054 et
1102 2000 1436 2071 populorum
1484 2000 1733 2054 continet
1775 2012 1982 2059 aestus.

427 2086 679 2141 Antenor
724 2095 916 2140 censet
960 2086 1090 2140 belli
1133 2085 1461 2156 praecidere
1506 2102 1772 2139 caussam.

310 2175 385 2227 10
432 2174 579 2245 quod
624 2171 801 2235 Paris,
848 2180 911 2225 ut
954 2171 1140 2225 salvus
1184 2179 1386 2243 regnet
1429 2170 1696 2243 vivatque
1741 2173 1953 2241 beatuS,

424 2257 548 2329 cogi
591 2274 757 2329 posse
800 2264 986 2327 negat.
1032 2257 1244 2311 Nestor
1289 2273 1602 2328 conponere
1646 2258 1774 2311 lites

426 2343 573 2397 inter
615 2341 847 2397 Peliden
895 2342 1120 2397 festinat
1164 2351 1221 2397 et
1263 2342 1412 2396 inter
1455 2340 1731 2397 Atriden:

422 2430 567 2482 hunc
612 2446 785 2495 amor,
830 2427 915 2481 ira
959 2429 1183 2500 quidem
1230 2427 1598 2482 communiter
1641 2427 1754 2482 urit
1798 2437 2116 2503 utrumque.

424 2512 695 2586 quidquid
738 2512 978 2567 delirant
1021 2531 1204 2585 reges,
1252 2512 1576 2585 plectuntur
1618 2514 1835 2568 Achivi.

305 2605 377 2654 15
428 2594 725 2665 seditione,
773 2598 937 2664 dolis,
986 2602 1197 2655 scelere
1245 2611 1414 2671 atque
1459 2597 1692 2654 libidine
1736 2609 1794 2653 et
1833 2600 1919 2653 ira

428 2685 631 2740 Iliacos
676 2684 823 2737 intra
868 2702 1053 2738 muros
1098 2696 1366 2757 peccatur
1411 2694 1468 2739 et
1511 2692 1689 2739 extra.

425 2790 644 2825 rursum
688 2770 823 2841 quid
866 2769 1041 2824 virtus
1086 2780 1144 2825 et
1186 2772 1321 2843 quid
1367 2769 1640 2841 sapientia
1683 2770 1879 2841 possit,

426 2856 562 2911 utile
603 2854 897 2927 proposuit
940 2855 1099 2909 nobis
1145 2856 1434 2931 exemplar
1477 2855 1705 2921 Vlixen,

425 2942 521 3013 qui
565 2941 805 2995 domitor
848 2940 1053 2995 Troiae
1098 2942 1398 2997 multorum
1440 2939 1708 3011 providus
1753 2941 1906 2995 urbis

303 3034 380 3087 20
426 3038 483 3081 et
525 3044 705 3081 mores
752 3026 1029 3081 hominum
1074 3027 1337 3098 inspexit,
1385 3028 1668 3099 latumque
1711 3045 1812 3097 per
1855 3044 2085 3099 aequor,

425 3115 555 3168 dum
600 3110 724 3179 sibi,
770 3113 901 3165 dum
946 3111 1108 3166 sociis
1153 3114 1394 3167 reditum
1439 3122 1620 3183 parat,
1669 3130 1866 3183 aspera
1909 3114 2082 3168 multa

422 3197 676 3275 pertulit,
723 3194 969 3251 adversis
1012 3216 1195 3251 rerum
1241 3197 1610 3253 inmersabilis
1657 3197 1838 3251 undis.

427 3286 679 3342 Sirenum
724 3300 888 3337 voces
934 3292 991 3337 et
1035 3284 1229 3338 Circae
1273 3283 1469 3355 pocula
1513 3283 1692 3337 nosti:

424 3388 565 3444 quae
610 3370 657 3425 si
701 3382 823 3424 eum
868 3368 1031 3423 sociis
1076 3369 1278 3422 stultus
1325 3368 1667 3439 cupidusque
1709 3367 1964 3435 bibisset,

302 3464 374 3512 25
425 3458 527 3511 sub
573 3454 796 3509 domina
839 3454 1129 3509 meretrice
1172 3453 1371 3509 fuisset
1411 3454 1592 3523 turpis
1637 3461 1696 3507 et
1739 3470 1954 3523 excors,

424 3540 656 3595 vixisset
700 3538 852 3593 canis
895 3539 1192 3595 inmundus
1239 3542 1332 3595 vel
1376 3538 1551 3594 amica
1593 3539 1712 3593 luto
1757 3556 1869 3593 sus.
