2459 3959
266 296 421 360 ’Μ
998 306 1557 377 EPISTVLARVM

459 476 534 515 ne
576 457 759 514 dicam
802 460 997 529 stulte,
1040 460 1246 529 mirati,
1291 461 1340 517 si
1383 463 1549 517 modo
1593 480 1700 535 ego
1745 474 1802 520 et
1844 485 1942 522 vos

464 544 665 601 scimus
710 543 1044 601 inurbanum
1087 546 1276 620 lepido
1319 565 1594 619 seponere
1636 548 1805 621 dicte,

460 629 882 703 legitimumque
926 649 1124 686 sonum
1167 631 1359 705 digitis
1404 633 1668 689 callemus
1713 643 1772 689 et
1814 654 1964 691 aure.

296 720 415 775 2⁷5
461 714 715 787 ignotum
757 716 1003 788 tragicae
1045 736 1223 789 genus
1267 717 1548 773 invenisse
1592 719 1866 777 Camenae

465 799 669 855 dicitur
712 807 771 856 et
815 801 1078 875 plaustris
1122 802 1346 859 vexisse
1387 812 1648 875 poemata.
1689 806 1949 878 Thespis,

464 903 609 958 quae
652 894 917 942 canerent
960 897 1304 960 agerentque
1346 889 1603 960 peruncti
1644 890 1890 947 faecibus
1935 910 2054 947 ora.

462 979 591 1044 post
634 972 782 1027 hunc
822 990 1096 1045 personae
1140 974 1434 1047 pallaeque
1477 984 1734 1047 repertor
1775 978 2048 1033 honestae

467 1056 778 1128 Aeschylus
824 1065 883 1112 et
924 1058 1157 1113 modieis
1199 1059 1460 1114 instravit
1502 1060 1722 1133 pulpita
1764 1062 1932 1135 tignis

304 1144 423 1197 280
468 1148 528 1196 et
570 1141 761 1197 docuit
802 1160 1175 1215 magnumque
1219 1144 1375 1217 loqui
1418 1144 1632 1218 nitique
1679 1149 1972 1203 cothurno.

470 1227 738 1283 successit
779 1236 940 1283 vetus
985 1228 1073 1283 his
1115 1230 1430 1297 comoedia,
1477 1249 1589 1286 non
1636 1231 1757 1287 sine
1800 1234 1975 1288 mult-a

466 1312 666 1368 laude:
710 1313 811 1367 sed
853 1313 911 1369 in
954 1314 1152 1368 vitium
1196 1315 1425 1371 libertas
1469 1316 1682 1371 excidit
1724 1326 1782 1372 et
1825 1318 1935 1372 vim

471 1398 699 1470 dignam
740 1398 869 1470 lege
912 1399 1064 1472 regi:
1109 1401 1203 1455 lex
1249 1408 1336 1457 est
1377 1410 1626 1473 accepta,
1675 1404 1987 1475 chorusque

464 1482 705 1557 turpiter
746 1484 980 1539 obticuit
1022 1486 1244 1541 sublato
1288 1486 1408 1541 iure
1453 1488 1715 1542 nocendi.

296 1573 416 1626 285
463 1568 544 1623 nil
586 1569 978 1640 intemptatum
1023 1570 1200 1626 nostri
1245 1571 1459 1644 liquere
1500 1580 1724 1646 poetae,

462 1672 567 1710 nee
608 1653 897 1709 minimum
940 1674 1192 1711 meruere
1239 1660 1408 1713 decus
1452 1656 1684 1727 vestigia
1728 1657 1944 1713 Graeca

463 1740 584 1795 ausi
629 1740 889 1795 deserere
932 1751 990 1795 et
1032 1742 1316 1797 celebrare
1362 1744 1664 1798 domestica
1704 1744 1870 1811 facta,

466 1826 556 1881 vel
600 1825 697 1898 qui
738 1834 1057 1898 praetextas
1102 1828 1193 1882 vel
1237 1828 1335 1899 qui
1379 1831 1616 1884 docuere
1659 1837 1896 1901 togatas.

466 1929 571 1967 nec
614 1910 821 1966 virtute
865 1912 1012 1967 foret
1054 1913 1290 1969 clarisve
1332 1914 1615 1984 potentius
1661 1916 1826 1969 armis

305 1999 423 2053 290
470 2014 635 2070 quam
678 1996 871 2069 lingua
914 1997 1155 2063 Latium,
1200 1998 1249 2053 si
1292 2017 1404 2053 non
1449 2001 1758 2055 offenderet
1801 2018 1969 2053 unum

466 2089 1074 2155 quemque·poetarum
1116 2084 1284 2139 limae
1327 2084 1486 2140 labor
1529 2094 1586 2139 et
1627 2102 1800 2140 mora.
1846 2101 1964 2150 vos,
2013 2102 2046 2139 ο

466 2167 777 2240 Pompilius
822 2167 1065 2240 sanguis,
1114 2186 1337 2225 carmen
1379 2170 1701 2242 reprendite
1747 2171 1898 2242 quod
1941 2188 2056 2224 non

468 2253 647 2307 multa
690 2253 810 2307 dies
856 2264 913 2307 et
956 2255 1132 2309 multa
1175 2254 1344 2309 litura
1389 2255 1636 2310 coercuit
1676 2266 1844 2328 atque

374 2390 398 2421 ⁸
468 2345 817 2411 praesectum
862 2339 1083 2395 deciens
1127 2359 1242 2394 non
1287 2341 1581 2413 castigavit
1624 2344 1696 2396 ad
1741 2357 2008 2412 unguem.

302 2428 420 2483 295
467 2423 754 2495 ingenium
797 2423 1001 2479 misera
1046 2425 1179 2498 quia
1220 2426 1557 2481 fortunatius
1603 2436 1724 2482 arte

467 2508 646 2563 eredit
688 2516 746 2563 et
788 2510 1037 2564 excludit
1078 2528 1244 2566 sanos
1289 2511 1560 2567 Helicone
1603 2519 1798 2583 poetas

470 2593 852 2662 Democritus,
899 2597 1047 2650 bona
1088 2615 1217 2667 pars
1265 2615 1378 2651 non
1423 2598 1626 2669 unguis
1669 2612 1876 2670 ponere
1920 2604 2100 2664 curat,

468 2697 581 2733 non
624 2680 874 2747 barbam,
921 2691 1135 2736 secreta
1176 2682 1324 2753 petit
1363 2683 1508 2751 loca,
1555 2682 1754 2737 balnea
1794 2679 1956 2737 vitat.
2033 2706 2036 2711 ·

472 2764 821 2820 nanciscetur
864 2765 1013 2819 enim
1055 2767 1299 2837 pretium
1342 2785 1656 2839 nomenque
1698 2774 1919 2839 poetae,

309 2854 427 2907 800
472 2849 521 2905 si
563 2850 743 2906 tribus
787 2850 1073 2921 Anticyris
1116 2862 1284 2924 caput
1323 2853 1634 2908 insanabile
1677 2868 1960 2922 nunquam

472 2936 685 2990 tonsori
729 2936 928 2991 Licino
975 2938 1312 2992 conmiserit.
1360 2956 1393 2992 ο
1439 2956 1548 3009 ego
1591 2939 1800 3005 laevus,

471 3020 570 3094 qui
612 3040 823 3095 purgor
866 3022 1033 3077 bilem
1076 3024 1179 3077 sub
1225 3023 1384 3077 verni
1427 3023 1692 3095 temporis
1736 3023 1948 3078 horam.

469 3124 584 3161 non
630 3107 772 3162 alius
814 3108 1024 3163 faceret
1064 3108 1295 3163 meliora
1338 3116 1629 3181 poemata:
1673 3112 1868 3162 ver'um

468 3190 551 3245 nil
593 3192 736 3247 tanti
778 3202 880 3247 est.
927 3211 1061 3265 ergo
1105 3194 1308 3265 fungar
1351 3194 1470 3248 vice
1515 3193 1674 3260 cotis,
1718 3204 1942 3248 acutum

308 3282 425 3334 800
471 3278 707 3331 reddere
750 3295 894 3350 quae
938 3279 1145 3333 ferrum
1190 3279 1357 3346 valet,
1403 3294 1597 3333 exsors
1639 3278 1766 3351 ipsa
1817 3277 2076 3347 secandi;

471 3378 672 3415 munus
716 3370 781 3415 et
818 3363 1079 3430 officium,
1126 3365 1206 3419 nil
1252 3365 1500 3419 scribens
1543 3364 1684 3436 ipse,
1731 3366 1966 3432 docebo,

474 3447 623 3499 unde
666 3454 931 3517 parentur
972 3467 1127 3519 opes,
1174 3450 1314 3523 quid
1357 3450 1474 3504 alat
1515 3451 1829 3521 formetque
1874 3458 2124 3523 poetam,

469 3529 606 3601 quid
650 3530 845 3585 deceat
888 3533 1023 3605 quid
1064 3551 1201 3605 non,
1249 3554 1360 3608 quo
1405 3534 1582 3591 virtus
1628 3553 1740 3608 quo
1784 3536 1930 3591 ferat
1973 3552 2164 3592 error.
