2459 3959
728 879 776 952 S
833 879 901 954 A
953 878 1016 952 T
1068 877 1104 950 I
1157 876 1224 950 R
1275 879 1345 949 A
1398 877 1466 952 R
1521 877 1589 951 V
1645 877 1725 951 M

876 1031 1108 1086 LIBER
1165 1031 1573 1088 SECVNDVS

1215 1213 1245 1265 Ι

378 1359 524 1414 Sunt
567 1355 766 1428 quibus
811 1355 870 1410 in
915 1355 1085 1410 satira
1127 1355 1325 1411 videor
1367 1356 1531 1410 nimis
1576 1373 1705 1409 acer
1748 1362 1805 1408 et
1848 1355 1997 1410 ultra

384 1445 568 1514 legem
613 1442 842 1496 tendere
887 1458 1062 1512 opus;
1109 1441 1228 1496 sine
1274 1442 1459 1496 nervis
1504 1443 1680 1496 altera
1723 1439 1995 1512 quidquid

387 1526 658 1599 conposui
699 1545 826 1598 pars
875 1545 996 1580 esse
1041 1536 1203 1598 putat
1250 1527 1557 1599 similisque
1600 1545 1851 1580 meorum

383 1613 538 1667 mille
583 1612 672 1665 die
717 1629 912 1666 versus
959 1611 1159 1666 deduci
1205 1631 1390 1684 posse.
1481 1611 1730 1678 Trebati,

300 1706 333 1754 5
384 1699 520 1770 quid
563 1697 760 1752 faciam
803 1696 1133 1768 praescribe.
1181 1696 1490 1770 ‘quiesse-as?
1535 1715 1606 1751 ne
1648 1697 1868 1762 faciam,
1913 1693 2121 1766 inquiS‚

386 1783 611 1838 omnino
655 1783 890 1837 versus?
935 1780 1082 1836 ‘aim’
1168 1801 1395 1854 peream
1438 1783 1600 1849 male,
1647 1781 1695 1836 si
1739 1799 1850 1834 non

387 1869 660 1942 optimum
707 1876 857 1922 erat:
902 1885 1096 1921 verum
1141 1887 1360 1939 nequeo
1406 1868 1667 1922 dormire.
1758 1865 1864 1920 ‘ter
1906 1864 2061 1919 uncti

387 1961 712 2009 transnanto
759 1953 1033 2021 Tiberim,
1081 1971 1275 2008 somno
1322 1954 1523 2025 quibus
1570 1962 1657 2007 est
1697 1971 1834 2024 opus
1880 1950 2015 2018 alte,

390 2039 784 2112 inriguumque
827 2057 980 2093 mero
1026 2040 1127 2092 sub
1173 2047 1393 2094 noctem
1439 2057 1637 2110 corpus
1680 2039 1943 2091 habento.

267 2132 342 2180 10
393 2134 489 2179 aut
535 2125 582 2180 si
625 2133 812 2178 tantus
857 2142 1013 2178 amor
1054 2123 1336 2178 scribendi
1378 2132 1435 2178 te
1478 2123 1644 2195 rapit,
1689 2124 1833 2176 aude

397 2210 646 2265 Caesaris
690 2208 885 2263 invicti
927 2229 1018 2264 res
1063 2209 1267 2275 dicere,
1313 2209 1489 2263 multa
1531 2210 1783 2264 laborum

391 2296 640 2368 praemia
682 2285 934 2352 laturus?
1023 2295 1303 2365 cupidum,
1351 2302 1511 2366 pater
1555 2294 1781 2365 optime,
1827 2291 1973 2346 vires

398 2381 690 2436 deficiunt:
735 2398 920 2452 neque
967 2380 1112 2434 enim
1157 2379 1339 2451 quivis
1386 2380 1667 2433 horrentia
1709 2378 1837 2450 pilis

395 2467 620 2538 agmina
662 2483 768 2520 nec
809 2466 987 2520 fracta
1030 2464 1314 2536 pereuntis
1362 2463 1591 2534 cuspide
1638 2463 1847 2529 Gallos,

272 2557 348 2606 15
398 2559 496 2606 aut
539 2550 777 2606 labentis
823 2569 968 2623 equo
1015 2549 1279 2605 describit
1322 2551 1551 2604 volnera
1591 2549 1808 2604 Parthi.

396 2637 660 2691 ‘attamen
705 2645 762 2690 et
804 2635 1009 2690 iustum
1053 2643 1276 2707 poteras
1321 2644 1378 2689 et
1422 2635 1665 2689 scribere
1708 2635 1925 2694 fortem,

398 2722 714 2794 Scipiadam
759 2728 820 2774 ut
865 2722 1082 2792 sapiens
1127 2719 1418 2775 Lucilius.’
1506 2721 1654 2773 haud
1698 2719 1831 2772 mihi
1878 2720 2071 2784 deero,

402 2825 528 2862 cum
572 2825 661 2862 res
705 2806 830 2878 ipsa
871 2807 1040 2860 feret:
1086 2807 1194 2860 nisi
1241 2809 1440 2860 dextro
1486 2814 1757 2876 tempore,
1802 2803 1991 2856 Flacci

361 2929 364 2934 -
397 2897 569 2948 verba
608 2911 712 2964 per
754 2901 1021 2947 attentam
1068 2910 1176 2946 non
1221 2892 1383 2946 ibunt
1430 2889 1680 2946 Caesaris
1726 2906 1933 2952 aurem,

275 2982 354 3035 20
403 2978 492 3033 cui
538 2978 682 3032 male
725 2976 773 3031 si
815 2977 1059 3049 palpere,
1105 2976 1422 3032 recalcitret
1463 2975 1713 3046 undique
1757 2981 1930 3026 tutuS.

402 3062 630 3136 ‘quanto
672 3062 878 3118 rectius
921 3063 1028 3116 hoc
1071 3079 1237 3133 quam
1282 3061 1432 3115 tristi
1474 3061 1698 3114 laedere
1743 3077 1907 3111 versu

401 3151 775 3204 Pantolabum
820 3165 1067 3202 scurram
1108 3146 1599 3201 Nomentanumve
1643 3151 1922 3214 nepotem,

401 3253 526 3288 cum
557 3235 658 3288 sibi
692 3232 928 3305 quisque
956 3231 1132 3297 timet,
1180 3249 1497 3303 quanquam
1528 3238 1612 3284 est
1656 3229 1917 3295 intactus,
1962 3235 2020 3282 et
2064 3224 2223 3280 odit?

407 3320 542 3391 quid
583 3318 820 3372 faciam?
864 3317 1031 3372 saltat
1071 3316 1361 3383 Milonius,
1409 3322 1471 3368 ut
1515 3315 1685 3369 semel
1726 3314 1837 3368 icto

279 3411 356 3460 25
407 3404 638 3458 accessit
679 3405 868 3458 fervor
913 3402 1083 3473 capiti
1127 3419 1496 3472 numerusque
1540 3399 1805 3464 lucernis;

411 3490 606 3545 Castor
653 3490 862 3559 gaudet
905 3487 1084 3558 equiS,
1133 3505 1239 3540 ovo
1284 3496 1587 3558 prognatus
1634 3487 1829 3540 eodem
