2459 3959
870 320 1103 377 LIBER
1146 322 1191 377 Ι.
1251 328 1490 379 16--17
2037 320 2167 383 288

338 476 398 531 in
440 473 620 531 triviis
662 474 834 529 fixum
880 494 1009 531 cum
1050 494 1113 531 ae
1156 476 1408 533 demittit
1447 478 1521 533 ob
1565 494 1765 546 assem,

212 569 289 619 65
340 581 455 619 non
495 560 681 616 video.
726 578 857 615 nam
900 559 999 633 qui
1040 563 1246 635 cupiet,
1277 570 1506 619 'metuet
1549 581 1802 637 quoque:
1846 580 2014 635 porro

340 647 437 721 qui
480 656 731 702 metuens
774 646 943 713 vivet,
990 646 1134 701 liber
1176 648 1314 703 mihi
1361 666 1474 705 nou
1517 647 1626 705 erit
1670 666 1936 721 unquam.

343 732 593 806 perdidit
636 749 807 799 arma,
852 732 1035 788 locum
1083 732 1312 789 virtutis
1357 734 1626 802 deseruit,
1675 736 1772 807 qui

340 836 559 891 semper
600 817 661 872 in
704 821 961 890 augenda
1003 817 1234 874 festinat
1278 828 1336 875 et
1377 819 1630 875 obruitur
1673 838 1756 878 re.
1795 828 1798 833 '

341 906 583 960 vendere
628 921 754 957 cum
796 903 979 975 possis
1024 904 1322 976 captivum,
1367 906 1622 961 occidere
1665 905 1815 963 noli:

223 998 251 1044 7
266 993 302 1045 Ο
348 989 553 1045 serviet
596 988 844 1044 utiliter:
890 990 1011 1045 sine
1054 998 1246 1060 pascat
1293 992 1463 1047 durus
1509 1000 1758 1063 aretque,

344 1076 573 1149 naviget
614 1092 679 1130 ac
722 1074 921 1130 mediis
962 1074 1173 1131 hiemet
1214 1083 1490 1131 mercator
1533 1077 1591 1131 in
1638 1077 1825 1147 undis,

344 1178 597 1217 annonae
641 1160 839 1234 prosit,
882 1169 1070 1233 portet
1112 1160 1394 1216 frumenta
1435 1180 1743 1235 penusque.

342 1247 431 1301 vir
472 1248 653 1301 bonus
698 1254 759 1300 et
800 1247 1020 1317 sapiens
1064 1246 1298 1301 audebit
1342 1247 1533 1303 dicere
1578 1247 1867 1317 ‘Pentheu,

342 1339 529 1387 rector
572 1332 909 1396 Thebarum,
954 1331 1091 1403 quid
1132 1350 1222 1387 me
1267 1334 1516 1404 perferre
1559 1333 1790 1405 patique

227 1423 301 1471 75
350 1417 643 1489 indignum
687 1434 856 1489 coges
873 1418 918 1470 ?’
980 1417 1238 1472 ‘adimam
1298 1418 1485 1473 bona!
1533 1417 1757 1491 ‘nempe
1801 1438 1990 1491 pecus,
2035 1438 2174 1488 rem,

346 1504 544 1571 lectos,
589 1511 903 1573 argentum.
946 1504 1115 1557 tollas
1157 1503 1326 1558 licet)
1375 1500 1454 1557 ‘in
1499 1504 1728 1558 manicis
1775 1514 1831 1559 et

350 1587 711 1661 compedibus
756 1606 923 1645 saevo
966 1598 1026 1644 te
1071 1590 1175 1643 sub
1219 1590 1454 1645 custode
1497 1589 1744 1645 tenebo.’

345 1674 483 1747 ‘ipse
526 1676 681 1741 deus,
728 1673 890 1728 simul
938 1682 1106 1747 atque
1149 1676 1353 1741 volam,
1400 1692 1488 1729 me
1533 1675 1748 1729 solvet.’
1795 1676 1992 1747 opinor

345 1760 450 1814 hoc
490 1759 681 1828 sentit,
731 1756 997 1815 ‘morian’
1042 1777 1191 1815 mors
1235 1760 1434 1815 ultima
1477 1760 1627 1815 linea
1668 1779 1853 1817 rerum
1897 1769 2004 1817 est.

1110 2042 1290 2097 XVII

350 2186 633 2253 Quamvis,
678 2188 913 2254 Scaeva,
962 2185 1097 2243 satis
1143 2205 1246 2257 pcr
1289 2197 1348 2243 te
1391 2186 1497 2243 tibi
1541 2188 1806 2257 consulis,
1853 2196 1908 2245 et
1953 2188 2063 2245 scis

348 2289 459 2343 quo
502 2273 731 2327 tandem
772 2278 936 2343 pacto
981 2273 1181 2327 deceat
1222 2272 1526 2329 maioribus
1571 2274 1674 2341 uti,

351 2357 523 2426 disce,
569 2358 853 2413 docendus
898 2358 1081 2412 adhuc
1124 2376 1270 2429 quae
1311 2368 1504 2413 censet
1547 2358 1840 2429 amiculus,
1888 2367 1952 2415 ut
1995 2360 2041 2415 si

352 2459 551 2498 caecus
594 2442 703 2497 iter
746 2452 1057 2497 monstrare
1101 2444 1268 2497 velit:
1313 2452 1502 2499 tamen
1545 2445 1730 2517 aspice
1777 2445 1963 2519 siquid

270 2532 301 2581 5
352 2536 409 2583 et
447 2546 553 2584 nos
596 2531 750 2600 quod
792 2546 951 2583 cures
994 2529 1280 2599 proprium
1321 2530 1521 2585 fecisse
1566 2531 1880 2603 loquamur.

350 2613 397 2668 si
442 2622 499 2669 te
544 2622 704 2685 grata
747 2614 905 2686 quies
950 2622 1008 2668 et
1051 2614 1290 2685 primam
1335 2633 1558 2671 somnus
1603 2615 1661 2671 in
1706 2618 1900 2673 horam

356 2700 616 2765 delectat,
665 2700 713 2755 si
754 2709 813 2755 te
857 2700 1043 2771 pulvis
1090 2701 1468 2773 strepitusque
1513 2710 1776 2770 rotarum,

352 2784 401 2838 si
443 2785 617 2840 laedit
660 2803 933 2858 caupona,
980 2786 1346 2841 Ferentinum
1389 2786 1473 2842 ire
1517 2786 1748 2843 iubebo.

351 2888 477 2924 nam
521 2888 705 2942 nequo
748 2870 1013 2925 divitibus
1059 2871 1392 2944 contingunt
1434 2873 1639 2943 gaudia
1683 2873 1835 2938 solis,

227 2961 303 3011 10
351 2974 453 3011 nec
496 2955 639 3010 vixit
680 2958 845 3023 male,
894 2958 991 3028 qui
1036 2966 1198 3011 natus
1245 2959 1598 3029 moriensque
1643 2958 1868 3017 fefellit.

350 3042 397 3095 si
442 3043 709 3113 prodesse
752 3042 865 3097 tuis
908 3044 1211 3115 paulloque
1258 3043 1554 3115 benignius
1598 3042 1782 3115 ipsum

349 3137 408 3181 te
452 3134 691 3183 tractare
735 3128 906 3195 voles,
952 3131 1184 3184 accedes
1228 3129 1410 3184 siccus
1455 3130 1526 3182 ad
1569 3136 1814 3183 unctum.

352 3212 420 3265 ‘si
462 3215 766 3284 pranderet
810 3214 933 3269 olus
978 3215 1273 3285 patienter,
1320 3213 1546 3287 regibus
1590 3213 1675 3267 uti

356 3297 535 3353 nollet
578 3297 936 3370 Aristippus)
990 3298 1055 3353 ‘si
1098 3299 1269 3355 sciret
1309 3300 1534 3371 regibus
1579 3298 1682 3367 uti,

229 3388 301 3437 15
347 3381 627 3438 fastidiret
671 3384 795 3439 olus
840 3384 938 3456 qui
980 3402 1069 3438 me
1112 3386 1312 3440 notat!
1356 3384 1532 3440 utrius
1573 3384 1771 3441 horum

350 3468 522 3523 verba
562 3469 764 3540 probes
810 3476 871 3524 et
911 3470 1059 3524 facta
1102 3471 1262 3539 doce,
1307 3472 1400 3525 vel
1442 3469 1628 3525 iunior
1669 3471 1802 3527 audi

351 3570 451 3621 cur
495 3553 571 3609 sit
611 3554 889 3627 Aristippi
934 3555 1123 3628 potior
1166 3556 1460 3614 sententia.
1507 3574 1748 3628 namque
