2459 3959
999 297 1248 352 LIBER.
1304 305 1458 352 1—-2
2072 292 2196 355 117

249 458 334 507 25
387 451 651 506 labuntur
692 450 819 506 altis
862 449 1084 506 interim
1125 450 1263 522 ripis
1308 469 1505 524 aquae,

475 544 781 608 queruntur
822 535 880 590 in
926 535 1082 591 silvis
1125 553 1274 603 aves,

386 623 681 693 fontesque
724 621 962 693 lymphis
1006 623 1337 693 obstrepunt
1382 623 1750 691 manantibus,

479 725 696 761 somnos
740 709 888 779 quod
932 707 1132 760 invitet
1173 707 1333 763 levis.

392 800 451 847 at
493 810 616 847 cum
659 792 902 847 tonantis
949 810 1124 846 annus
1165 793 1429 847 hibernus
1473 792 1621 848 Iovis

255 879 342 932 30
479 877 670 932 imbris
713 876 966 948 nivisque
1011 887 1296 950 conparat,

394 970 492 1017 aut
531 963 710 1018 trudit
751 963 891 1018 acris
934 962 1064 1017 hinc
1106 972 1162 1016 et
1203 964 1333 1018 hinc
1376 964 1547 1018 multa
1590 979 1724 1020 canc

477 1066 640 1122 apros
683 1047 742 1102 in
787 1047 1056 1102 obstantis
1102 1049 1313 1121 plagas,

391 1141 487 1188 aut
529 1133 696 1189 amite
739 1133 849 1187 levi
889 1152 1016 1188 rara
1053 1135 1239 1188 tendit
1281 1133 1441 1202 retia,

477 1219 655 1275 turdis
700 1219 960 1273 edacibus
1002 1219 1181 1286 dolos,

267 1311 344 1360 85
394 1305 768 1378 pavidumque
811 1304 1056 1376 leporem
1101 1312 1160 1358 et
1202 1306 1471 1359 advenam
1514 1303 1715 1374 laqueo
1758 1323 1951 1377 gruem

473 1390 711 1444 iucunda
753 1397 937 1461 captat
980 1389 1241 1462 praemia.

387 1475 510 1548 quis
553 1493 666 1530 non
709 1475 994 1541 malarum,
1038 1492 1174 1545 quas
1219 1490 1370 1529 amor
1413 1491 1571 1529 curas
1612 1475 1797 1542 habet,

473 1563 612 1615 haec
655 1559 804 1614 inter
849 1559 1240 1613 obliviscitur?

388 1646 524 1720 quid
568 1644 616 1700 si
659 1644 860 1717 pudica
901 1644 1097 1699 mulier
1139 1644 1196 1698 in
1242 1652 1457 1716 partem
1501 1643 1655 1700 iuvet

259 1738 340 1788 40
474 1732 696 1785 domum
741 1738 908 1802 atque
952 1729 1129 1783 duleis
1174 1729 1401 1795 liberos,

387 1817 594 1872 Sabina
638 1814 816 1886 qualis
860 1823 957 1868 aut-
997 1825 1223 1887 perusta
1268 1814 1482 1870 solibus

472 1900 712 1974 pernicis
759 1917 900 1954 uxor
943 1899 1174 1973 Appuli,

385 2006 600 2043 sacrum
642 1985 875 2040 vetustis
920 1993 1139 2040 extruat
1181 1985 1347 2056 lignis
1395 1985 1573 2038 focum

468 2071 602 2127 lassi
646 2073 748 2126 sub
799 2071 1098 2126 adventum
1141 2071 1266 2139 viri,

253 2167 338 2216 45
386 2157 760 2228 claudensque
804 2156 974 2211 textis
1018 2155 1259 2211 cratibus
1304 2156 1509 2210 laetum
1551 2172 1719 2228 pecus

474 2242 718 2297 distenta
760 2241 927 2297 siccet
970 2243 1157 2309 ubera,

397 2336 455 2383 et
495 2329 672 2382 horna
716 2326 862 2381 dulci
903 2327 1034 2381 vina
1074 2343 1333 2399 promens
1378 2327 1528 2382 dolio

482 2414 653 2486 dapes
696 2412 964 2482 inemptas
1008 2411 1279 2483 adparet?

391 2517 504 2554 nou
548 2516 636 2553 me
678 2496 920 2551 Lucrina
962 2496 1200 2552 iuverint
1242 2497 1529 2568 conchylia

260 2587 344 2641 50
474 2583 717 2654 magisve
758 2582 1019 2636 rhombus
1065 2589 1160 2636 aut
1204 2580 1365 2649 scari,

387 2668 574 2744 siquos
617 2667 752 2724 Eois
795 2666 1046 2722 intonata
1092 2667 1353 2721 fiuctibus

471 2753 647 2808 hiems
692 2754 763 2806 ad
804 2754 912 2807 hoc
953 2759 1132 2807 vertat
1172 2770 1344 2807 mare.

385 2858 496 2894 non
538 2839 677 2893 Afra
719 2837 834 2892 avis
880 2839 1176 2893 descendat
1217 2837 1274 2892 in
1318 2845 1566 2893 ventrem
1611 2857 1813 2906 meum,

477 2942 589 2978 non
633 2930 856 2995 attagen
900 2923 1120 2978 Ionicus

263 3017 341 3068 55
387 3008 680 3064 iucundior
721 3026 886 3081 quam
928 3010 1075 3063 lecta
1117 3008 1187 3064 de
1230 3007 1605 3081 pinguissimis

475 3095 621 3150 oliva
661 3094 826 3148 ramis
872 3095 1144 3160 arborum,

387 3187 484 3235 aut
525 3180 697 3234 herba
739 3179 948 3251 lapathi
991 3186 1152 3250 prata
1195 3175 1429 3232 amantis
1472 3186 1528 3233 et
1572 3177 1725 3252 gravi

471 3266 686 3319 malvae
731 3266 976 3320 salubres
1019 3263 1260 3335 corpori,

388 3351 477 3406 vel
519 3367 662 3422 agna
703 3350 858 3404 festis
902 3366 1060 3404 caesa
1102 3347 1499 3418 terminalibus,

265 3439 342 3491 60
473 3437 563 3491 vel
605 3436 816 3490 haedus
859 3443 1080 3508 ereptus
1123 3435 1277 3507 lupo.
