2459 3959
324 317 412 382 54
1097 325 1518 382 CARMINVM

456 498 707 534 somnum
753 481 1054 535 reducent:
1101 498 1324 534 somnus
1370 479 1671 551 agrestium

455 566 595 620 lenis
639 565 882 620 virorum
926 585 1036 620 non
1080 566 1303 620 humilis
1350 567 1545 620 domos

545 650 764 706 fastidit
805 652 1234 722 umbrosamque
1277 651 1475 722 ripam,

627 755 736 791 non
782 737 1036 809 zephyris
1081 738 1291 809 agitata
1337 737 1569 808 Tempe.

335 873 408 921 25
459 865 868 920 desiderantem
913 867 1064 937 quod
1110 864 1243 920 satis
1292 873 1379 919 est
1422 882 1603 936 neque

458 951 864 1005 tumultuosum
908 946 1172 1005 sollicitat
1215 969 1387 1015 mare,

539 1054 641 1091 nec
687 1055 880 1092 saevus
915 1025 1134 1090 'arcturi
1179 1035 1430 1090 cadentis

622 1121 842 1194 inpetus
889 1131 985 1176 aut
1031 1121 1265 1176 orientis
1310 1120 1495 1188 haedi,

451 1269 564 1305 non
609 1252 930 1305 verberatae
975 1249 1245 1322 grandine
1290 1249 1486 1302 vineae

331 1342 406 1391 30
453 1337 769 1408 fundusque
813 1338 1069 1402 mendaX,
1117 1337 1316 1390 arbore
1361 1352 1507 1388 nunc
1550 1352 1721 1406 aquas

537 1423 818 1494 culpante,
864 1440 1011 1476 nunc
1046 1420 1319 1476 torrentia
1364 1437 1529 1490 agros

621 1507 823 1575 sidera,
870 1525 1017 1561 nunc
1059 1507 1272 1561 hiemes
1316 1505 1560 1576 iniquas·

457 1635 772 1704 [contracta
815 1635 995 1707 pisces
1042 1653 1287 1708 aequora
1332 1634 1579 1689 sentiunt

454 1722 613 1777 iactis
659 1722 716 1774 in
761 1721 934 1774 altum
978 1721 1247 1775 molibus:
1294 1722 1401 1774 huc
1444 1721 1710 1791 frequens

323 1814 396 1863 35
533 1815 818 1862 caementa
863 1806 1104 1863 demittit
1148 1809 1470 1877 redemptor

624 1910 750 1947 cum
793 1892 1012 1946 famulis
1058 1892 1423 1964 dominusque
1468 1901 1651 1948 terrae

450 2019 802 2076 fastidiosus:
849 2022 948 2074 sed
994 2019 1161 2074 timor
1207 2028 1265 2074 et
1308 2021 1489 2075 minae

447 2108 720 2160 scandunt
767 2107 964 2160 eodem
1009 2123 1120 2178 quo
1168 2105 1446 2174 dominus,
1493 2125 1676 2178 neque

535 2192 757 2246 decedit
805 2200 991 2245 aerata
1035 2190 1249 2245 triremi
1301 2200 1358 2246 et

322 2279 400 2332 40
618 2284 747 2349 post
794 2277 1041 2349 equitem
1087 2278 1247 2331 sedet
1289 2285 1411 2331 atra
1454 2275 1635 2344 cura.]

447 2405 583 2478 quid
629 2405 675 2459 si
721 2406 1003 2460 dolentem
1047 2423 1150 2460 nec
1194 2407 1469 2477 Phrygius
1516 2407 1677 2479 lapis,

449 2508 556 2546 nec
598 2509 968 2561 purpurarum
1013 2492 1196 2546 sidere
1242 2491 1441 2546 clarior

539 2576 753 2630 delenit
797 2595 948 2644 usus,
994 2594 1100 2631 nec
1143 2577 1387 2632 Falerna
1682 2643 1685 2648 Ι

615 2660 750 2715 vitis
794 2662 1343 2735 Achaemeniumque
1389 2671 1623 2729 costum,

327 2795 402 2843 45
453 2806 551 2842 cur
592 2787 908 2843 invidendis
953 2788 1206 2861 postibus
1256 2799 1312 2845 et
1357 2809 1501 2844 novo

453 2873 690 2928 sublime
736 2873 848 2928 ritu
892 2876 1087 2929 moliar
1131 2877 1377 2944 atrium?

536 2977 633 3014 cur
678 2961 820 3014 valle
865 2969 1174 3031 permutem
1218 2962 1429 3016 Sabina

621 3044 845 3099 divitias
891 3047 1282 3118 operosiores‘?

1260 3253 1338 3306 11

447 3377 761 3450 Angustam
807 3379 980 3433 amice
1025 3379 1349 3451 pauperiem
1394 3381 1513 3452 pati

446 3465 711 3518 robustus
759 3465 870 3519 acri
915 3465 1112 3518 militia
1153 3484 1295 3536 puer

536 3550 853 3603 condiscat:
899 3559 956 3604 et
998 3551 1235 3605 Parthos
1280 3552 1477 3605 ferocis

620 3644 788 3690 vexet
832 3653 1001 3707 eques
1047 3639 1375 3691 metuendus
1421 3639 1581 3691 hasta
