2459 3959
288 320 456 367 XLVI

290 453 710 521 BHMDoed.
774 478 969 541 anyue
1029 452 1183 539 th.
1246 454 1373 539 Ply
1423 452 1449 537 ΙΙ
1514 455 1593 520 43
1648 478 1767 519 sua
1827 453 2049 519 BHM.
2118 478 2233 520 suo

291 540 498 624 (quod
547 539 1062 622 ‘ineptissimum’
1127 563 1269 605 esse
1325 539 1642 604 iudicavit
1699 539 1972 604 Lachm.
2018 539 2104 604 ad
2147 539 2229 605 L.

288 649 352 711 p.
375 625 531 704 238)
577 623 734 708 er.
779 637 846 690 et
889 626 1103 691 denuo
1149 625 1298 711 Ply.
1344 623 1636 691 Schmid.
1683 624 1899 690 Doed.
1952 625 1977 706 ΙΙ
2021 628 2105 691 49
2153 629 2234 691 ‘et

296 710 502 775 miki’l
553 712 800 775 dividuo
831 722 954 789 etc,
983 710 1188 776 Doed.
1223 752 1301 763 --
1329 709 1619 776 EPIST.
1650 708 1915 778 XVIII.
1944 714 1982 776 9
2008 713 2237 775 utrim-

293 820 410 945 que
449 798 797 861 reductum.-
841 796 918 861 cf.
963 796 1235 863 Lachm.
1282 796 1366 861 ad
1408 795 1487 859 L.
1534 820 1593 881 p.
1638 796 1764 861 313
1796 796 1821 878 ΙΙ
1858 798 1934 862 15
1980 799 2233 861 rixatur

322 881 516 945 3HM.
587 883 832 947 rixatus
894 881 1048 962 er.
1107 881 1254 967 Ply.
1318 881 1529 947 Doedl
1581 881 1609 961 ΙΙ
1660 883 1737 946 21
1800 882 1937 947 alea
1998 884 2227 946 nudat:

295 967 563 1032 Lachm.
621 966 666 1032 l.
713 967 754 1031 l.
813 990 874 1049 p.
935 970 1061 1035 330
1107 967 1132 1050 ΙΙ
1180 972 1263 1034 36
1332 968 1533 1033 Threx
1575 966 1635 1029 h.
1680 967 1721 1031 l.
1779 989 1885 1051 vg.
1930 977 2091 1115 Bost
2146 965 2229 1033 Β.

309 1054 554 1118 Uer-aea·
576 1051 701 1137 Ply
731 1052 757 1135 ΙΙ
792 1054 872 1117 37
915 1054 1085 1117 illius
1129 1062 1278 1137 post
1301 1050 1382 1117 B.
1407 1074 1512 1138 vg.
1539 1051 1728 1117 ullius
1751 1048 1909 1132 er.
1990 1051 2060 1137 ly
2090 1053 2115 1135 ΙΙ
2146 1052 2230 1119 46

301 1140 507 1204 aeoliis
568 1159 648 1201 ex
719 1137 861 1203 cod.
923 1137 1202 1219 Francq.
1265 1136 1359 1203 M.
1418 1138 1949 1223 praef..xxxv11.
2017 1138 2231 1203 aetolis

295 1246 384 1309 vg
409 1224 438 1305 ΙΙ
469 1224 549 1287 67
591 1234 882 1309 protenus
925 1222 1062 1287 solo
1109 1224 1172 1287 h.
1221 1224 1268 1291 l.
1312 1222 1382 1287 H
1424 1233 1573 1308 post
1616 1222 1697 1287 B.
1739 1224 2025 1307 protinus
2071 1221 2231 1308 er.

295 1331 386 1394 vg
429 1310 458 1393 ΙΙ
501 1308 605 1375 91.
654 1311 734 1374 92
779 1331 883 1373 vv.
939 1310 1134 1375 bibuli
1175 1346 1263 1359 —-
1306 1311 1567 1374 oderunt
1618 1308 1969 1373 rectissime
2024 1309 2231 1374 eiece-

298 1408 450 1458 runt
494 1394 568 1458 M
614 1394 705 1470 (in
750 1408 1026 1477 utraque
1073 1394 1249 1474 edit.)
1298 1407 1359 1459 et
1403 1392 1491 1457 H.
1537 1417 1595 1458 v.
1628 1396 1703 1460 91
1756 1416 1795 1457 a
1840 1393 2230 1475 quibusdam

297 1477 476 1543 libris
521 1480 780 1546 omnino
818 1479 1016 1545 abest.
1063 1484 1335 1567 (potores
1364 1480 1549 1545 vetuli
1576 1478 1849 1543 Horkel.
1875 1478 2039 1543 anal.
2062 1478 2233 1544 Hor.

289 1584 356 1645 p.
407 1565 545 1629 113.
592 1563 746 1650 Ply)
799 1567 827 1648 ΙΙ
876 1589 979 1630 vv.
1025 1570 1322 1633 89—-95
1388 1576 1539 1649 post
1591 1590 1657 1631 v.
1702 1567 1785 1630 66
1844 1563 2044 1628 inseri
2090 1564 2235 1629 vult

293 1650 500 1715 Docd.
529 1650 560 1732 Η
597 1655 751 1717 103:
803 1650 883 1715 cf.
911 1650 1180 1715 Lachm.
1213 1651 1295 1714 ad
1330 1651 1410 1716 L.
1453 1672 1517 1735 p.
1552 1655 1676 1719 350
1715 1660 1841 1713 ext.
1874 1650 1901 1733 ΙΙ
1938 1650 2233 1717 107-10

298 1739 396 1800 ‘sit
438 1738 594 1800 mihi
635 1770 716 1781 ——-
763 1736 964 1799 horae’
1011 1736 1095 1800 H.
1141 1734 1287 1820 Ply.
1334 1736 1545 1800 Docd.
1591 1738 1620 1818 ΙΙ
1677 1738 1796 1801 111
1900 1757 2013 1799 uae
2046 1738 2236 1821 ponit

293 1832 345 1886 et
388 1823 591 1905 aufert
639 1819 980 1885 BHDocd.
1037 1824 1147 1907 qui
1198 1824 1381 1907 ponit
1424 1830 1479 1885 et
1522 1846 1581 1885 a.
1642 1819 1797 1904 er.
1856 1760 2001 1905 z‘ly.
2066 1842 2231 1907 quae

290 1908 478 1971 donat
531 1918 587 1972 et
637 1930 693 1971 a.
758 1904 960 1971 Orell.
1019 1906 1120 1972 M.
1182 1942 1264 1951 —
1329 1904 1615 1972 EPIST.
1676 1904 1883 1971 XIX.
1946 1911 2025 1973 22
2083 1908 2229 1985 fidit

292 1991 513 2055 BHM.
607 1994 706 2056 det
751 2013 830 2055 cx
874 1990 1106 2057 Bland.
1152 2014 1208 2056 a.
1256 2000 1321 2055 et
1368 1990 1569 2056 Goth.
1618 1994 1655 2053 2
1702 1990 1849 2075 Ply.
1896 1992 2109 2057 Docd.
2142 2026 2232 2039 -—--

289 2076 492 2143 EPIS
560 2127 574 2139 .
618 2076 790 2141 XX.
839 2084 876 2145 5
937 2079 1283 2153 discedere,
1350 2080 1387 2141 7
1445 2079 1583 2163 quis
1639 2089 1696 2143 te
1754 2089 1904 2141 ante
1965 2076 2098 2160 ΒΗ
2146 2077 2230 2145 10

291 2166 524 2229 deserat
571 2160 767 2228 Goth.
817 2164 872 2229 2.
921 2160 1191 2247 HMPly
1238 2161 1449 2227 Doed.
1496 2165 1715 2229 deserit
1754 2160 1909 2245 er'.
1936 2161 1993 2226 B
2024 2164 2052 2246 ΙΙ
2084 2176 2237 2247 post

286 2272 346 2313 v.
383 2251 460 2314 18
507 2270 654 2313 cum
681 2246 771 2312 M.
806 2248 1004 2333 praef.
1035 2266 1313 2311 xxxvm
1357 2248 1675 2313 excidisse
1719 2248 2036 2331 quaedam
2080 2270 2231 2312 sus·

285 2336 538 2417 picatus
601 2346 798 2408 esset,
865 2333 1175 2398 MHertz.
1244 2334 1373 2397 alia
1440 2334 1770 2419 sequentis
1832 2355 2057 2398 versus
2120 2355 2231 2397 cx-

289 2419 638 2505 plicatione
684 2440 1002 2482 summam
1047 2418 1493 2482 difficultatem
1562 2418 1907 2483 sustulisse
1968 2419 2233 2483 videtur

290 2504 400 2587 (cf.
447 2528 588 2569 ann.
646 2503 800 2590 phil.
859 2515 906 2569 t.
961 2522 1184 2569 LXXIII
1249 2526 1311 2587 p.
1360 2510 1469 2579 57)
1525 2505 1549 2587 ΙΙ
1604 2505 1687 2570 24
1748 2505 1897 2568 solis
1956 2507 2226 2570 amicum

291 2590 454 2653 coni.
502 2589 593 2653 M.
637 2589 840 2670 praef.
873 2608 1103 2653 xxxlx
1133 2594 1158 2671 ΙΙ
1191 2590 1274 2654 28
1322 2591 1479 2654 dimit
1524 2589 1759 2671 scripsi
1803 2611 1882 2653 ex
1924 2610 2229 2655 necessa-

287 2674 382 2738 ria
436 2675 668 2824 oginor
721 2674 1557 2824 Dtocginfgiidemendsstifzne
1612 2697 1731 2760 pro
1775 2677 1989 2752 duxit,
2049 2676 2229 2760 quod

286 2782 474 2825 nemo
523 2783 634 2825 um
679 2781 762 2843 ap
793 2782 828 2823 c
917 2782 950 2823 c
982 2783 1057 2824 cn
1111 2783 1216 2824 erc
1261 2783 1345 2846 po
1380 2783 1491 2823 u1.

796 2969 1371 3033 EPISTVLARVM
1409 2968 1561 3033 LIB.
1605 2968 1692 3030 11.

451 3098 740 3165 EPIST.
774 3099 829 3166 I.
874 3105 954 3167 16
997 3126 1220 3167 numen
1264 3123 1383 3187 pro
1428 3125 1645 3167 nomen
1689 3124 1769 3166 ex
1812 3102 1951 3167 solo
1988 3100 2227 3167 Bland.

283 3208 337 3248 a.
380 3184 668 3271 reposuit
713 3185 774 3251 B
819 3188 848 3271 ΙΙ
889 3192 971 3253 28
1027 3186 1359 3253 Graiorum
1403 3186 1633 3252 Bland.
1680 3211 1735 3253 a.
1789 3186 1989 3254 Goth.
2036 3189 2095 3253 2.
2143 3187 2225 3255 Β.

281 3270 423 3355 Ply.
481 3270 862 3338 Graecorum
905 3272 1072 3337 HM.
1133 3274 1214 3338 cf.
1260 3294 1361 3336 vv.
1415 3275 1513 3337 19.
1560 3276 1663 3342 90.
1717 3276 1831 3338 161
1886 3273 1913 3358 ΙΙ
1960 3276 2038 3339 31
2090 3274 2231 3341 olea

279 3355 432 3419 ΒΜ.
477 3357 674 3421 oleam
716 3356 865 3422 libri
897 3359 922 3442 ΙΙ
955 3361 1035 3423 33
1080 3360 1289 3425 anicius
1334 3378 1413 3421 ex
1460 3356 1737 3443 Eutych.
1784 3359 1877 3445 (p.
1916 3361 2085 3425 2179
2116 3358 2221 3443 Ρ.)

281 3441 444 3505 ΗΜ.
478 3443 713 3507 doctius
745 3467 835 3529 vg
867 3446 890 3526 u
925 3444 1007 3512 48
1046 3447 1253 3526 fastus
1298 3443 1590 3525 ‘quidam
1621 3443 1734 3509 lib.
1768 3446 2015 3531 scripti'
2052 3444 2225 3511 Cru-

283 3528 435 3611 quii.
451 3530 661 3613 fastos
691 3551 800 3615 vg.
834 3532 920 3593 ad
928 3532 1137 3615 fastos
1179 3540 1331 3593 ante
1362 3527 1423 3593 B
1456 3530 1481 3613 ΙΙ
1514 3534 1595 3597 69
1626 3532 1956 3597 delendave
1984 3530 2223 3613 Bland.
