2459 3959
849 316 1082 375 LIBER
1125 317 1173 373 1.
1224 322 1470 375 18-19

311 468 491 524 libera
531 490 633 543 per
676 490 911 527 vacuum
953 473 1116 543 posui
1158 473 1397 544 vestigia
1439 472 1719 544 princeps,

312 572 428 609 non
471 556 655 612 aliena
696 575 821 611 meo
864 558 1042 629 pressi
1086 560 1250 629 pede.
1297 557 1394 629 qui
1439 556 1542 612 sibi
1589 551 1752 622 fidit‚'

312 640 429 694 dux
470 641 619 713 regit
662 660 917 697 examen.
964 642 1157 697 Parios
1204 660 1310 714 ego
1353 643 1562 715 primus
1608 642 1820 695 iambos

313 726 535 781 ostendi
569 726 751 795 Latio,
798 744 1058 783 numeros
1104 727 1428 800 animosque
1472 736 1695 783 secutus

172 812 260 861 25
312 808 657 880 Archilochi,
700 832 813 867 non
854 830 945 868 res
988 802 1047 869 et
1090 812 1316 885 agentia
1359 815 1533 868 verba
1579 813 1914 881 Lycamben.

313 910 379 949 ac
421 914 493 951 ne
536 915 625 953 me
668 898 817 954 foliis
860 898 987 953 ideo
1034 898 1380 954 brevioribus
1425 916 1608 965 ornes,

314 982 467 1052 quod
509 982 672 1037 timui
713 992 929 1039 mutare
970 985 1163 1039 modos
1208 992 1268 1039 et
1311 983 1568 1037 carminis
1612 990 1804 1047 artem,

316 1073 591 1138 temperat
633 1068 953 1124 Archilochi
994 1069 1214 1123 Musam
1259 1070 1404 1140 pede
1449 1069 1690 1123 mascula
1733 1069 1987 1141 Sappho,

312 1158 587 1224 temperat
628 1154 887 1222 Alcaeus,
930 1155 1032 1208 sed
1074 1155 1240 1209 rebus
1287 1162 1346 1208 et
1389 1153 1584 1208 ordine
1628 1153 1837 1225 dispar,

180 1240 263 1290 30
314 1253 419 1292 nec
462 1254 714 1293 socerum
758 1238 977 1312 quaerit
1020 1257 1184 1312 quem
1230 1238 1482 1294 versibus
1529 1238 1740 1292 oblinat
1785 1238 1943 1307 anie,

313 1338 417 1377 nec
459 1340 697 1395 sponsae
742 1326 1002 1397 laqueum
1044 1326 1256 1379 famoso
1301 1324 1544 1378 carmine
1587 1323 1778 1377 nectit.

312 1407 461 1462 hunc
504 1426 629 1479 ego,
674 1427 787 1464 non
832 1410 941 1465 alio
988 1409 1196 1464 dictum
1241 1408 1396 1481 prius
1441 1426 1556 1477 ore,
1603 1408 1835 1462 Lat-inus

312 1492 535 1565 volgavi
578 1494 797 1549 fidicen.
844 1495 997 1549 iuvat
1040 1496 1406 1550 inmemorata
1447 1494 1716 1548 ferentem

312 1576 571 1649 ingenuis
615 1580 901 1653 oculisque
945 1579 1057 1651 legi
1100 1580 1464 1651 manibusque
1507 1579 1708 1633 teneri.

181 1666 264 1716 35
315 1662 461 1719 scire
504 1665 662 1731 velis,
708 1684 831 1721 mea
876 1684 973 1721 cur
1016 1666 1267 1735 ingratus
1313 1664 1582 1736 opuscula
1625 1664 1802 1719 lector

315 1747 507 1803 laudet
550 1757 809 1823 ametque
853 1749 1019 1815 domi,
1066 1757 1284 1821 premat
1329 1760 1488 1803 extra
1531 1749 1698 1804 limen
1743 1748 1956 1803 inicus=

312 1851 427 1888 non
471 1852 575 1905 ego
620 1844 882 1891 ventosae
922 1836 1104 1907 plebis
1150 1835 1410 1906 suffragia
1455 1852 1626 1889 venor

312 1919 561 1990 inpensis
607 1938 867 1975 cenarum
911 1928 969 1975 et·
1011 1921 1175 1975 tritae
1219 1938 1446 1975 munere
1492 1919 1694 1987 vestis;

313 2022 427 2059 non
470 2022 575 2076 ego
618 2006 891 2061 nobilium
935 2006 1265 2078 scriptorum
1309 2006 1530 2061 auditor
1574 2014 1632 2059 et
1673 2005 1825 2058 ultor

181 2093 267 2142 40
314 2090 697 2162 grammaticas
742 2091 952 2146 ambire
995 2092 1171 2145 tribus
1216 2099 1275 2146 et
1318 2091 1534 2163 pulpita
1579 2090 1800 2161 dignor.

313 2174 444 2229 hinc
486 2175 617 2232 illae
662 2176 941 2232 lacrimae.
990 2173 1207 2247 ‘spissis
1251 2176 1483 2247 indigna
1526 2174 1758 2229 theatris

316 2260 523 2332 scripta
562 2262 740 2334 pudet
783 2262 1021 2317 recitare
1068 2271 1125 2315 et
1170 2261 1332 2333 nugis
1376 2263 1579 2316 addere
1623 2260 1859 2331 pondus'

316 2344 365 2400 si
408 2346 542 2413 dixi,
590 2347 773 2401 ‘rides’
817 2347 897 2402 ait
942 2349 1021 2401 ‘et
1063 2346 1212 2401 Iovis
1259 2346 1484 2401 auribus
1529 2346 1636 2399 ista

318 2448 535 2487 servas:
578 2432 702 2487 fidis
748 2432 896 2487 enim
939 2449 1163 2486 manare
1208 2431 1432 2503 poetica
1474 2430 1638 2486 mella

180 2522 265 2571 45
313 2523 372 2571 te
416 2517 613 2586 solum,
658 2518 763 2571 tibi
806 2518 1072 2589 pulcher.’
1117 2518 1189 2571 ad
1234 2518 1373 2572 haec
1416 2534 1521 2589 ego
1565 2516 1794 2569 naribus
1837 2513 1922 2567 uti

314 2600 553 2658 formido
601 2612 678 2671 et,
724 2602 985 2657 luctantis
1029 2612 1193 2658 acuto
1240 2620 1310 2657 ne
1355 2619 1514 2657 secer
1559 2602 1755 2672 ungui,

318 2684 597 2758 ‘displicet
637 2688 745 2743 iste
788 2688 957 2742 locus’
1002 2688 1197 2755 clamo,
1243 2696 1302 2741 et
1344 2687 1554 2741 diludia
1597 2703 1786 2757 poscO.

314 2772 477 2826 ludus
522 2773 670 2829 enim
714 2773 907 2844 genuit
949 2773 1230 2844 trepidum
1276 2782 1554 2827 certamen
1601 2780 1658 2826 et
1700 2770 1858 2833 iram,

319 2857 403 2911 ira
446 2858 617 2913 trucis
662 2858 975 2913 inimicitias
1021 2867 1077 2913 et
1120 2860 1353 2913 funebre
1398 2858 1624 2913 bellum.
