2459 3959
239 306 372 370 174
999 318 1144 371 SAT
1151 317 1455 372 1RARVM

367 478 483 526 tam
528 472 670 524 bene
717 489 802 524 mc
847 471 1036 523 nosti?
1085 467 1399 542 ‘postquam
1446 471 1623 526 omnis
1668 490 1755 525 res
1803 490 1923 526 mea
1956 472 2167 526 Ianum

374 557 448 609 ad
494 555 741 609 medium
787 556 962 608 fracta
1006 565 1108 621 est,
1153 555 1337 609 aliena
1382 559 1609 626 negotia
1652 575 1805 620 cum,

231 641 326 694 20
375 657 644 695 excussus
685 639 945 712 propriis.
990 639 1123 694 olim
1169 657 1295 694 nam
1343 659 1613 712 quaerere
1657 644 1932 709 amabam,

380 744 492 797 quo
536 726 692 780 vafer
734 725 830 778 ille
871 726 1045 796 pedes
1089 724 1321 780 lavisset
1366 726 1637 798 Sisyphus
1684 745 1834 793 aere,

373 810 510 882 quid
556 811 831 882 sculptum
875 809 1108 876 infabre,
1156 811 1293 882 quid
1336 812 1517 867 fusum
1566 811 1757 866 durius
1802 821 1977 878 esset3

371 896 609 950 callidus
656 894 784 949 huic
827 894 988 966 signo
1034 900 1313 968 ponebam
1356 896 1509 950 milia
1552 906 1805 962 centum;

372 981 565 1036 hortos
611 979 979 1053 egregiasque
1027 983 1218 1035 domos
1265 983 1563 1036 mercarier
1608 1001 1747 1036 unus

231 1072 323 1120 25
373 1084 497 1121 cum
540 1067 697 1120 lucro
742 1083 968 1132 noram3
1015 1068 1162 1120 unde
1204 1068 1517 1138 stequentia
1558 1066 1891 1122 Mercuriale

371 1152 668 1224 inposuere
713 1150 848 1204 mihi
893 1168 1200 1224 cognomen
1246 1151 1529 1222 compita.⁹
1573 1152 1729 1220 novi,

373 1243 431 1290 et
474 1236 644 1292 miror
686 1236 868 1290 morbi
913 1246 1208 1309 purgatum
1256 1248 1312 1292 te
1355 1237 1525 1291 illius.
1584 1235 1757 1309 ‘atqui

371 1321 581 1376 emovit
623 1331 870 1378 veterem
915 1323 1053 1376 mire
1097 1341 1299 1387 novus,
1346 1331 1410 1376 ut
1452 1323 1615 1390 solet,
1660 1323 1717 1377 in
1766 1340 1862 1376 cor

370 1406 602 1461 traiecto
645 1407 838 1462 lateris
883 1406 1070 1462 miseri
1113 1409 1382 1478 capitisve
1428 1408 1652 1474 dolore3

233 1497 325 1547 ‚30
373 1499 436 1545 ut
477 1491 817 1564 lethargicus
861 1492 967 1557 hic,
1013 1510 1138 1546 cum
1179 1495 1245 1547 fit
1286 1493 1441 1563 pugil
1486 1502 1541 1547 et
1585 1494 1855 1556 medicum
1905 1485 2140 1564 urguet.’

373 1579 506 1630 dum
549 1595 620 1632 ne
665 1577 800 1649 quid
845 1577 1024 1632 simile
1067 1578 1214 1642 huic,
1264 1587 1383 1632 esto
1427 1587 1493 1631 ut
1535 1578 1689 1633 libet.
1737 1576 1793 1632 ‘0
1826 1579 1989 1646 bone,
2035 1597 2106 1633 ne
2141 1586 2199 1633 te

373 1662 675 1717 frustrare:
720 1662 928 1718 insanis
974 1671 1032 1716 et
1074 1672 1134 1716 tu
1181 1662 1450 1734 stultique
1496 1681 1670 1734 prope
1716 1682 1931 1732 omnes,

374 1746 560 1819 siquid
606 1748 904 1804 Stertinius
949 1748 1070 1802 veri
1114 1759 1329 1820 crepat,
1378 1750 1527 1804 unde
1572 1767 1677 1819 ego
1722 1749 1861 1804 mira

375 1833 643 1905 descripsi
689 1833 886 1888 docilis
931 1842 1228 1905 praecepta
1272 1835 1424 1898 haec,
1471 1843 1721 1906 tempore
1767 1853 1878 1906 quo
1924 1853 2011 1889 me

236 1922 326 1971 :35
377 1916 587 1972 solatus
630 1918 794 1972 iussit
838 1919 1143 1991 sapientem
1190 1937 1416 1990 pascere
1462 1919 1689 1972 barbam

375 2009 544 2075 atque
589 2022 622 2059 a
664 2004 921 2058 Fabricio
965 2023 1076 2059 non
1120 2004 1335 2058 tristem
1381 2013 1549 2074 ponte
1594 2005 1820 2059 reverti.

373 2105 520 2156 nam,
566 2089 709 2144 male
753 2107 816 2143 re
861 2097 1036 2158 gesta,
1083 2107 1206 2143 cum
1252 2089 1451 2144 vellem
1498 2089 1716 2144 mittere
1761 2097 1955 2160 operto

373 2191 462 2227 me
507 2172 692 2245 capite
735 2174 796 2228 in
839 2177 1062 2238 flumen,
1109 2177 1309 2230 dexter
1353 2174 1510 2228 stetit
1554 2183 1612 2229 et
1656 2171 1833 2229 “cave
1876 2175 2019 2228 faxis

376 2265 435 2312 te
479 2259 772 2331 quicquam
817 2259 1136 2331 indignum:
1182 2260 1396 2332 pudor'’
1440 2259 1623 2332 inquit
1669 2258 1766 2314 “te
1808 2259 1985 2314 malus
2030 2261 2199 2334 angit,

240 2348 331 2398 40
379 2342 604 2399 insanos
650 2343 746 2415 qui
789 2343 938 2398 inter
981 2363 1206 2400 vereare
1251 2347 1477 2400 insanus
1523 2345 1736 2401 haberi.

373 2427 615 2500 primum
660 2447 786 2484 nam
831 2429 1106 2501 inquiram
1141 2430 1278 2502 quid
1310 2430 1386 2484 sit
1412 2430 1629 2485 furere:
1675 2432 1780 2485 hoc
1808 2430 1857 2484 si
1888 2429 1995 2484 erit
2016 2431 2073 2486 in
2103 2439 2159 2486 te

377 2514 518 2582 sole,
564 2514 642 2568 nil
686 2514 863 2580 verbi,
909 2532 1104 2588 pereas
1147 2516 1284 2586 quin
1326 2515 1565 2581 fortiter,
1612 2516 1833 2570 addam.

371 2617 538 2671 quem
582 2600 727 2654 mala
771 2599 1051 2666 stultitia,
1100 2619 1487 2673 quemcunque
1531 2600 1755 2656 inscitia
1796 2600 1913 2655 veri

379 2701 604 2740 caecum
646 2685 778 2757 agit,
824 2685 1078 2740 insanum
1124 2686 1417 2757 Chrysippi
1462 2686 1710 2757 porticus
1754 2695 1813 2740 et
1854 2704 1993 2756 grex

241 2776 328 2824 45
379 2779 650 2825 autumat.
695 2773 834 2825 haec
877 2771 1132 2843 popuIOS‚
1179 2772 1317 2826 haec
1360 2789 1593 2843 magnos
1636 2770 1875 2826 formula
1916 2790 2099 2843 regeS,

380 2865 616 2928 excepto
661 2856 933 2928 sapiente,
978 2864 1154 2911 tenet.
1203 2875 1351 2911 nunc
1396 2857 1611 2929 accipe,
1656 2874 1861 2929 quare·

379 2942 657 3014 desipiant
703 2960 892 2996 omnes
940 2958 1118 3012 aeque
1164 2959 1226 2995 ac
1272 2952 1351 3007 tu,
1399 2941 1495 3013 qui
1538 2942 1640 2996 tibi
1685 2960 1887 2998 nomen

382 3025 577 3082 insano
622 3045 884 3099 posuere.
929 3027 1082 3081 velut
1127 3027 1304 3096 silvis,
1354 3027 1449 3081 ubi
1494 3027 1699 3098 passim

377 3112 616 3184 palantis
663 3131 821 3169 error
865 3122 1017 3168 certo
1062 3114 1133 3166 de
1177 3113 1403 3167 tramite
1447 3112 1630 3183 pellit,

244 3204 331 3255 50
380 3197 478 3251 ille
523 3197 922 3265 sinistrorsum,
967 3197 1058 3251 hic
1101 3199 1456 3254 dextrorsum
1500 3197 1637 3266 abit,
1683 3215 1825 3252 unus
1870 3198 2095 3271 utrique

379 3300 556 3350 error,
603 3285 701 3336 sed
743 3282 909 3337 variis
952 3282 1156 3337 inludit
1198 3283 1482 3354 partibus3
1529 3283 1637 3337 hoc
1678 3290 1736 3338 te

379 3369 546 3422 crede
589 3369 756 3421 modo
799 3366 1073 3432 insanum,
1119 3367 1293 3422 nihilo
1337 3376 1400 3422 ut
1442 3366 1744 3438 sapientior
1786 3367 1901 3432 ille,

375 3451 476 3523 qui
519 3460 578 3506 te
622 3451 857 3518 deridet,
907 3453 1134 3506 caudam
1179 3454 1382 3508 trahat.
1468 3459 1556 3506 est
1598 3470 1775 3523 genus
1818 3470 1991 3508 unum
2038 3489 2045 3498 ·

375 3535 649 3590 stultitiae
693 3535 925 3588 nihilum
969 3539 1269 3593 metuenda
1308 3536 1575 3604 timentis,
1623 3545 1683 3592 ut
1728 3536 1896 3608 ignis,
