2459 3959
188 644 271 694 65

195 1072 276 1121 ⁷0

196 1499 277 1549 ⁰75

193 1928 277 1977 80

200 2355 283 2405 85

197 2786 279 2835 90

202 3213 283 3263 95

958 320 1190 377 LIBER
1235 322 1309 376 ΙΙ.
1365 330 1388 375 1
2021 314 2152 382 28⁸

324 470 604 528 interdum
638 474 828 547 volgus
872 481 1085 529 rectum
1128 474 1311 529 videt:
1357 482 1442 529 est
1487 473 1581 527 ubi
1625 484 1839 547 peceat.

324 556 375 611 si
416 566 633 613 veteres
678 559 757 613 ita
796 558 1029 613 miratur
1072 560 1374 632 laudatque
1417 568 1611 631 poetas

324 649 389 695 ut
432 642 571 697 nihil
611 645 903 712 anteferat,
949 644 1089 699 nihil
1132 645 1244 701 illie
1291 652 1576 717 conparet,
1619 656 1784 701 errat.

325 726 373 781 si
418 731 694 799 quaedam
738 729 901 785 nimis
944 730 1195 803 antique,
1241 730 1290 785 si
1330 730 1598 801 pleraque
1643 732 1781 787 dure

324 810 511 869 dicere
555 814 734 871 eredit
776 833 893 883 eos,
936 814 1139 887 ignave
1181 816 1356 869 multa
1397 816 1621 882 fatetur,

324 905 383 952 et
426 899 573 972 sapit
614 910 671 955 et
712 918 925 955 mecum
968 900 1102 955 facit
1146 908 1205 955 et
1246 902 1382 956 Iove
1425 899 1636 956 iudicat
1679 919 1875 974 aequo.

325 1001 441 1038 nou
482 986 741 1057 equidem
782 986 1027 1041 insector
1047 987 1420 1059 ‚delendaque
1463 986 1707 1041 carmina
1750 989 1877 1043 Livi

328 1086 453 1125 esse
496 1088 644 1139 reor,
696 1071 922 1127 memini
964 1089 1111 1143 quae
1152 1073 1444 1145 plagosum
1487 1071 1624 1127 mihi
1666 1091 1837 1145 parvo

329 1153 607 1211 Orbilium
652 1157 891 1212 dictare:
938 1158 1038 1212 sed
1082 1160 1378 1213 emendata
1419 1157 1603 1213 videri

326 1240 669 1313 pulchraque
713 1254 771 1297 et
813 1243 1024 1297 exactis
1073 1242 1360 1298 minimum
1404 1242 1667 1297 distantia
1713 1244 1902 1299 miror.

329 1325 475 1381 inter
517 1345 659 1398 quae
705 1329 935 1383 verbum
980 1328 1207 1383 emicuit
1253 1330 1300 1385 si
1343 1328 1491 1383 forte
1535 1328 1818 1397 decorum,

328 1409 375 1465 si
416 1428 609 1468 versus
653 1412 843 1486 paullo
888 1414 1213 1469 concinnior
1257 1432 1398 1468 unus
1443 1420 1501 1467 et
1541 1414 1702 1479 alter,

327 1494 531 1551 iniuste
574 1507 753 1555 totum
796 1499 949 1554 ducit
993 1499 1296 1571 venditque
1337 1516 1554 1571 poema.

326 1580 589 1655 indignor
633 1583 931 1656 quicquam
973 1585 1252 1657 reprendi,
1297 1602 1408 1639 non
1451 1583 1584 1655 quia
1628 1600 1811 1640 crasse

327 1668 675 1740 conpositum
716 1669 1033 1741 inlepideve
1076 1677 1332 1743 putetur,
1379 1671 1478 1724 sed
1521 1667 1654 1740 quia
1697 1688 1903 1741 nuper3

324 1769 429 1807 nec
474 1754 693 1809 veniam
735 1754 997 1827 antiquis,
1044 1757 1143 1810 sed
1186 1756 1460 1809 honorem
1505 1764 1561 1807 et
1603 1755 1848 1826 praemia
1889 1755 2068 1827 posci.

326 1844 481 1893 recte
524 1857 701 1895 necne
745 1856 968 1896 crocum
1010 1843 1287 1913 floresque
1329 1840 1677 1912 perambulet
1720 1842 1892 1895 Attae

324 1922 517 1977 fabula
560 1924 606 1978 si
652 1924 926 1995 dubitem,
974 1927 1213 1981 clament
1255 1924 1486 1999 periisse
1530 1927 1799 1996 pudorem

330 2008 515 2064 cuncti
556 2028 737 2082 paene
781 2018 986 2083 patrea,
1036 2028 1101 2067 ea
1146 2030 1272 2065 cum
1313 2011 1652 2081 reprendere
1697 2028 1866 2066 coner

329 2112 475 2165 quae
518 2095 705 2167 gravis
749 2098 1033 2169 Aesopus,
1079 2114 1225 2169 quae
1269 2097 1463 2151 doctus
1509 2095 1740 2149 Roscius
1785 2095 1928 2166 egit3

328 2180 420 2234 vel
462 2180 595 2252 quia
638 2180 719 2236 nil
760 2192 996 2250 rectum,
1042 2182 1152 2239 nisi
1196 2182 1349 2254 quod
1392 2180 1603 2253 placuit
1646 2179 1769 2245 sibi,
1817 2182 2050 2252 ducunt,

326 2265 417 2319 vel
461 2266 594 2338 quia
634 2274 799 2340 turpe
841 2276 1041 2341 putant
1082 2284 1282 2341 parere
1324 2266 1644 2330 minoribuS,
1692 2274 1748 2321 et
1791 2285 1934 2339 quae

331 2349 553 2406 inberbi
597 2351 864 2420 didicere,
912 2372 1072 2409 senes
1116 2352 1406 2427 perdenda
1445 2349 1626 2406 fateri.

330 2436 442 2493 iam
486 2437 699 2493 Saliare
740 2438 957 2494 Numae
1002 2457 1222 2495 carmen
1266 2436 1365 2510 qui
1408 2436 1616 2502 laudat,
1659 2444 1718 2489 et
1761 2436 1918 2506 illud,

331 2524 486 2595 quod
528 2541 745 2579 mecum
788 2524 1031 2597 ignorat,
1078 2526 1231 2581 solus
1275 2522 1394 2577 volt
1437 2521 1580 2577 scire
1624 2521 1822 2594 videri,

330 2608 572 2681 ingeniis
616 2627 730 2665 non
772 2609 866 2665 ille
908 2610 1059 2665 favet
1099 2608 1430 2682 plauditque
1473 2607 1722 2678 sepultis,

329 2702 523 2750 nostra
566 2696 667 2750 sed
708 2694 1005 2767 inpugnat,
1056 2713 1159 2751 nos
1203 2702 1504 2764 nostraque
1548 2690 1750 2747 lividus
1797 2695 1935 2752 odit.

330 2781 483 2853 quod
527 2780 577 2836 si
618 2788 733 2835 tam
778 2780 940 2837 Graia
985 2780 1201 2835 novitas
1247 2778 1428 2833 invisa
1469 2777 1666 2832 fuisset
2077 2821 2080 2825 .

328 2884 496 2938 quam
538 2866 717 2931 nobis,
764 2865 901 2938 quid
946 2884 1094 2921 nunc
1136 2872 1288 2919 esset
1330 2862 1534 2917 vetus?
1596 2871 1692 2920 aut
1737 2862 1870 2934 quid
1913 2864 2148 2941 haberet

330 2953 482 3024 quod
524 2952 741 3023 legeret
781 2958 1097 3023 tereretque
1142 2949 1350 3005 viritim
1391 2948 1646 3019 publicus
1689 2948 1861 3010 usus?

330 3044 395 3091 ut
434 3036 673 3109 primum
715 3036 910 3109 positis
955 3037 1154 3109 nugari
1200 3034 1438 3091 Graecia
1481 3034 1640 3089 bellis

330 3123 517 3196 coepit
558 3132 617 3177 et
661 3122 718 3177 in
762 3122 959 3177 vitium
1002 3122 1225 3178 fortuna
1269 3120 1444 3175 labier
1487 3136 1680 3192 aequa,

331 3225 482 3263 nune
523 3208 855 3263 athletarum
899 3208 1124 3276 studiis,
1168 3223 1316 3261 nunc
1361 3204 1497 3259 arsit
1540 3221 1828 3276 equorum,

330 3292 621 3349 marmoris
664 3304 762 3347 aut
805 3292 986 3348 eboris
1030 3293 1216 3347 fabros
1262 3298 1362 3346 aut
1403 3289 1547 3344 aeris
1592 3288 1814 3355 amavit,

332 3379 626 3451 suspendit
666 3379 817 3451 picta
858 3378 1071 3435 voltum
1112 3384 1468 3447 mentemque
1510 3375 1740 3441 tabella,

328 3482 479 3519 nunc
521 3463 867 3530 tibicinibua‚
914 3480 1063 3517 nunc
1106 3470 1193 3518 est
1237 3460 1427 3533 gavisa
1469 3460 1784 3531 tragoedis3

329 3550 436 3605 sub
480 3548 694 3604 nutrice
737 3548 927 3620 puella
967 3548 1123 3602 velut
1167 3546 1215 3601 si
1259 3546 1478 3600 luderet
1517 3545 1713 3612 insane,
