2459 3959
931 274 1078 330 LIB.
1109 274 1215 329 ΠΙ.
1266 281 1427 330 5--6

328 431 446 485 iam
488 430 575 484 bis
619 430 922 484 Monaeses
969 436 1026 484 et
1068 427 1268 482 Pacori
1311 445 1505 483 manus

191 525 223 571 1
243 524 278 571 Ο
331 536 451 571 non
497 515 808 587 auspicatos
854 513 1110 568 contudit
1153 513 1377 584 inpetus

425 608 645 656 nostros
691 609 750 654 et
793 599 1062 654 adiecisse
1106 601 1373 670 praedam

509 686 802 758 torquibus
847 685 1063 758 exiguis
1107 684 1347 740 renidet.

333 851 516 905 paene
562 837 882 902 occupatam
927 829 1295 886 seditionibus

342 919 555 972 delevit
597 919 792 971 urbem
835 917 1021 970 Dacus
1067 924 1124 970 et
1167 915 1459 987 Aethiops,

203 1012 286 1060 15
428 1004 522 1058 hic
567 1005 741 1057 classe
785 1001 1131 1067 formidatus,
1176 1001 1273 1056 ille

512 1087 815 1142 missilibus
861 1087 1060 1141 melior
1105 1087 1338 1158 sagittis.

340 1236 581 1291 fecunda
626 1236 820 1306 culpae
867 1235 1086 1289 saecula
1125 1233 1347 1306 nuptias

339 1321 582 1394 primum
627 1321 990 1392 inquinavere
1035 1328 1092 1374 et
1137 1337 1309 1390 genus
1356 1325 1413 1373 et
1457 1319 1681 1373 domos:

430 1407 538 1460 hoc
579 1407 734 1461 fonte
779 1406 1030 1460 derivata
1073 1405 1259 1458 clades

210 1501 290 1549 20
519 1492 578 1546 in
621 1490 856 1563 patriam
900 1491 1274 1563 populumque
1316 1488 1499 1544 fluxit.

346 1645 534 1695 motus
580 1637 766 1691 doceri
811 1637 1018 1708 gaudet
1060 1635 1279 1690 Ionicos

347 1725 612 1792 †matura
652 1723 810 1794 virgo
857 1731 914 1776 et
957 1722 1185 1793 fingitur
1229 1720 1441 1778 artibus

436 1809 547 1863 iam
589 1827 737 1862 nunc
781 1814 838 1862 et
880 1806 1122 1862 incestos
1167 1825 1383 1861 amores

521 1896 590 1950 de
635 1901 830 1949 tenero
874 1893 1173 1952 meditatur
1215 1891 1416 1965 ungui:

218 2019 298 2098 235
347 2059 481 2095 mox
522 2039 764 2094 iuniores
811 2039 1030 2111 quaerit
1073 2040 1354 2094 adulteros

350 2127 500 2182 inter
540 2124 727 2180 mariti
771 2124 917 2192 vina,
962 2142 1143 2196 neque
1190 2124 1363 2196 elegit

435 2211 524 2265 cui
569 2212 738 2264 donet
781 2209 1110 2282 inpermissa
1151 2210 1355 2280 raptim

521 2295 726 2369 gaudia
768 2295 1065 2350 luminibus
1109 2295 1353 2364 remotis,

352 2445 454 2500 sed
498 2444 648 2498 iussa
691 2459 874 2497 coram
917 2461 1028 2497 non
1075 2441 1194 2496 sine
1242 2441 1460 2496 conscio

233 2537 308 2586 30
357 2529 542 2600 surgit
582 2528 801 2594 marite,
848 2545 947 2582 seu
990 2535 1151 2582 vocat
1194 2527 1417 2582 institor

439 2633 537 2670 seu
581 2614 737 2668 navis
783 2613 1066 2684 Hispanae
1111 2612 1391 2684 magister,

520 2701 852 2755 dedecorum
896 2697 1176 2771 pretiosus
1221 2706 1457 2770 emptor.

354 2863 468 2900 non
510 2844 596 2902 his
639 2844 898 2900 iuventus
943 2851 1068 2900 orta
1109 2843 1428 2915 parentibus

354 2929 550 2986 infecit
592 2947 801 3002 aequor
844 2930 1112 3002 sanguine
1155 2929 1389 2998 PunicO,

231 3023 307 3071 35
442 3016 826 3088 Pyrrhumque
875 3023 930 3070 et
974 3014 1259 3086 ingentem
1303 3011 1505 3069 cecidit

525 3101 863 3157 Antiochum
907 3099 1393 3172 Hannibalemque
1439 3097 1653 3166 dirum3

363 3249 459 3304 sed
502 3248 836 3303 rusticorum
879 3249 1122 3304 mascula
1164 3246 1404 3301 militum

354 3334 564 3406 proles,
611 3335 846 3390 Sabellis
893 3335 1056 3388 docta
1098 3332 1377 3404 ligonibus

445 3437 668 3475 versare
711 3421 934 3492 glaebas
979 3427 1037 3474 et
1082 3435 1309 3472 severae

234 3506 314 3559 40
536 3505 726 3560 matris
773 3507 844 3562 ad
888 3503 1177 3560 arbitrium
1217 3501 1425 3560 recisos
