2459 3959
274 292 406 360 1OE
1028 301 1485 359 SATIBARVM

455 469 624 534 atque
669 462 834 518 etiam
877 462 1162 518 insanum:
1208 469 1425 516 tantum
1468 463 1575 516 hoe
1616 461 1878 528 edissere,
1926 481 2037 536 quo
2077 481 2172 522 me

457 556 750 620 aegrotare
793 557 956 620 putes
999 545 1172 602 animi
1215 545 1372 600 vitio,
1422 546 1649 620 ‘accipe
1698 548 1939 619 primum

350 681 354 686 .
453 632 727 700 aedificas,
771 635 880 688 hoe
923 642 1010 688 est
1052 632 1252 703 longos
1292 630 1545 698 imitaris,
1592 634 1663 687 ab
1705 633 1819 688 imo

453 720 524 771 ad
569 736 842 774 summum
883 726 1035 774 totus
1081 716 1289 771 moduli
1332 716 1633 789 bipedalis:
1680 729 1737 774 et
1778 718 1927 773 idem

285 807 405 857 810
452 820 684 875 corpore
727 804 990 858 maiorem
1033 804 1181 858 rides
1227 803 1509 858 Turbonis
1552 803 1609 858 in
1654 803 1819 858 armis

452 887 708 960 spiritum
751 897 811 943 et
853 889 1154 944 incessum:
1200 887 1299 959 qui
1341 887 1608 944 ridiculus
1650 889 1831 944 minus
1874 888 2011 943 illo‘?

455 991 526 1027 an
571 976 938 1045 quodcunque
980 973 1113 1029 facit
1155 973 1471 1041 Maecenas,
1516 982 1574 1028 te
1619 992 1842 1046 quoque
1885 993 2079 1030 verum
2121 983 2236 1046 est,

456 1067 674 1113 tantum
719 1059 1062 1127 dissimilem,
1105 1066 1164 1114 et
1207 1066 1365 1112 tanto
1410 1067 1625 1114 certare
1668 1059 1965 1115 minorem?

453 1145 702 1199 absentis
745 1163 913 1200 ranae
954 1144 1122 1216 pullis
1167 1143 1330 1197 vituli
1375 1145 1521 1215 pede
1564 1144 1788 1216 pressiS,

192 1231 196 1236 ’
283 1234 402 1288 315
451 1248 592 1284 unus
638 1229 734 1284 ubi
779 1229 990 1301 effugit,
1035 1228 1199 1283 matri
1244 1230 1528 1297 denarrat,
1574 1237 1637 1284 ut
1679 1229 1878 1302 ingens

450 1316 618 1370 belua
661 1323 926 1387 cognatos
971 1314 1202 1370 eliserit.
1250 1312 1349 1366 illa
1390 1332 1589 1386 rogare
1622 1354 1625 1356 ψ

453 1410 750 1471 quantam,
798 1420 928 1455 num
970 1408 1207 1464 tantum,
1255 1399 1484 1454 sufflans
1531 1417 1612 1468 se,
1656 1419 1859 1472 magna
1900 1399 2121 1456 fuisset.

452 1483 650 1540 ‘maior
693 1485 961 1540 dimidio!
1009 1482 1162 1538 ‘num
1206 1484 1481 1538 tantum?'
1526 1503 1651 1540 eum
1696 1487 1871 1556 magis
1916 1495 2083 1558 atque

453 1589 512 1624 se
557 1571 732 1642 magis
777 1570 1017 1637 inflaret,
1066 1569 1212 1634 ‘non‚
1260 1569 1307 1623 si
1351 1579 1408 1622 te
1451 1571 1687 1642 ruperis’
1731 1571 1937 1643 inquit,

285 1660 406 1710 820
457 1653 579 1728 ‘par
622 1657 772 1712 eris.'
815 1656 954 1710 haee
999 1674 1032 1710 a
1073 1663 1130 1709 te
1173 1673 1287 1708 non
1331 1655 1567 1711 multum
1612 1655 1829 1710 abludit
1870 1657 2077 1727 imago-

453 1743 598 1797 adde
641 1749 900 1813 poemata
942 1757 1108 1809 nune,
1151 1741 1261 1794 hoe
1306 1749 1411 1807 est,
1456 1742 1639 1796 oleum
1682 1743 1827 1796 adde
1872 1741 2124 1796 camino:

453 1845 596 1899 quae
639 1826 812 1898 siquis
859 1845 1024 1880 sanus
1066 1825 1214 1888 feeit,
1262 1843 1427 1880 sanus
1473 1826 1609 1882 faeis
1654 1836 1714 1880 et
1754 1835 1839 1884 tu.

454 1931 566 1968 non
611 1913 738 1966 dico
783 1913 1121 1966 horrendam
1167 1910 1418 1966 rabiem.⁹
1462 1911 1570 1966 iam
1617 1910 1826 1967 desine.
1874 1909 2105 1967 ‘cultum

451 1997 716 2053 maiorem
759 1997 967 2051 ceusu?
1004 2005 1218 2063 tenen,
1262 1996 1621 2069 Damasippe,
1667 1997 1778 2050 tuis
1824 2005 1901 2052 te.

281 2088 402 2138 825
454 2081 624 2138 ‘mille
665 2073 994 2155 puellarum,
1041 2100 1345 2152 puerorum
1388 2081 1541 2136 mille
1585 2082 1838 2137 furores?

451 2187 484 2222 o
529 2168 705 2223 maior
745 2169 970 2222 tandem
1013 2185 1206 2238 parcas
1251 2167 1443 2220 insane
1488 2166 1712 2222 minori.

1207 2507 1293 2562 IV

451 2679 620 2734 Vnde
663 2687 720 2734 et
761 2697 870 2752 quo
919 2679 1154 2735 Catius?
1201 2677 1331 2734 ‘non
1377 2688 1463 2734 est
1505 2679 1639 2733 mihi
1684 2687 1904 2750 tempus
1952 2683 2139 2738 aventi

448 2773 657 2836 ponere
702 2765 860 2836 signa
901 2765 1061 2818 novis
1107 2765 1439 2836 praeceptiS,
1484 2763 1671 2837 qualia
1713 2763 1940 2818 vineant

447 2849 806 2922 Pythagoran
850 2850 1133 2921 Anytique
1177 2868 1335 2904 reum
1380 2852 1714 2921 doctumque
1756 2849 2038 2906 Platona.’

447 2943 733 3006 peceatum
776 2935 974 3002 fateor,
1023 2955 1147 2990 cum
1191 2944 1251 2990 te
1294 2935 1374 2990 sie
1416 2943 1669 3007 tempore
1714 2933 1872 2987 laevo

367 3025 400 3074 5
447 3020 868 3092 interpellat-im.
959 3023 1060 3075 sed
1105 3021 1202 3074 des
1250 3020 1466 3074 veniam
1514 3022 1707 3085 bonus,
1754 3036 1871 3073 ore.

449 3107 599 3177 quod
644 3106 692 3160 si
734 3105 1082 3160 interciderit
1125 3106 1229 3160 tibi
1274 3123 1423 3160 nunc
1466 3104 1696 3176 aliquid,
1731 3111 1967 3174 ‚repetes
2010 3126 2170 3179 mox,

461 3190 580 3245 sive
626 3200 712 3246 est
753 3198 987 3246 naturae
1029 3193 1136 3246 hoe
1180 3191 1298 3244 sive
1344 3190 1498 3256 artis,
1542 3190 1714 3244 mirus
1759 3196 2018 3261 utroque.

452 3273 608 3347 ‘quin
649 3275 708 3330 id
751 3285 872 3348 erat
915 3293 1101 3344 curae,
1148 3294 1261 3347 quo
1304 3285 1467 3347 pacto
1512 3283 1711 3330 cuneta
1752 3282 2019 3345 tenerem,

449 3367 644 3430 utpote
687 3377 776 3414 res
819 3361 1023 3428 tenuis,
1069 3360 1224 3415 tenui
1270 3378 1520 3414 sermone
1562 3361 1855 3431 peractas?

323 3445 400 3498 10
447 3446 552 3500 ede
595 3445 833 3500 hominis
877 3464 1096 3513 nomen,
1145 3445 1309 3498 simul
1352 3457 1429 3515 et,
1474 3445 1761 3499 Romanus
1808 3463 1877 3500 an
1922 3447 2152 3520 hospes.
