2459 3959
888 255 1122 309 LIBER.
1171 256 1254 310 Π.
1310 263 1466 310 1—-2
2042 251 2171 312 1oe

338 410 635 465 detrahere
679 416 738 463 et
780 409 1003 482 pellem,
1049 408 1261 462 nitidus
1307 426 1417 479 qua
1461 409 1695 481 quisquc
1738 427 1841 481 per
1886 426 1983 464 ora

179 502 281 552 65
336 498 588 564 cederet,
635 493 936 548 introrsum
981 494 1180 566 turpis,
1228 512 1361 548 num
1405 494 1631 550 Laelius
1679 502 1736 549 et
1779 494 1876 566 qui

336 581 502 635 duxit
543 580 614 634 ab
659 596 925 651 oppressa
966 578 1226 634 meritum
1273 579 1609 652 Carthagine
1654 598 1877 646 nomen,

334 665 564 738 ingenio
609 664 803 720 offensi
846 671 943 720 aut
985 663 1137 718 laeso
1183 664 1413 720 doluere
1455 666 1691 722 Metello

332 752 673 822 famosisque
717 751 881 821 Lupo
927 757 1192 821 cooperto
1237 750 1529 806 versibus?
1577 751 1733 822 atqui

335 837 608 910 primores
652 835 848 908 populi
891 833 1147 906 adripuit
1188 837 1570 910 populumque
1613 836 1883 902 tributim,

204 929 298 979 70
349 922 565 976 scilicet
608 920 706 976 uni
749 939 960 993 aequus
1004 920 1199 974 virtuti
1242 931 1411 994 atque
1455 924 1575 978 eius
1618 922 1827 977 amicis.

338 1007 476 1079 quin
519 1007 613 1062 ubi
659 1023 719 1060 se
763 1025 798 1060 a
840 1008 1009 1080 volgo
1055 1014 1112 1060 et
1155 1025 1359 1063 scaena
1399 1009 1458 1062 in
1503 1019 1719 1064 secreta
1760 1017 2041 1062 remorant

336 1093 517 1148 virtus
563 1091 860 1162 Scipiadae
906 1101 964 1146 et
1007 1091 1158 1146 mitis
1205 1092 1480 1166 sapientia
1520 1093 1696 1158 Laeli,

337 1177 540 1250 nugari
584 1196 708 1232 cum
750 1176 849 1231 illo
896 1188 953 1232 et
997 1177 1253 1232 discincti
1299 1179 1509 1246 ludere,
1556 1181 1735 1234 donec

339 1265 748 1336 decoqueretur
792 1263 932 1329 olus,
979 1261 1149 1318 soliti.
1195 1264 1467 1337 quidquid
1510 1283 1630 1319 sum
1676 1281 1803 1335 eg0,
1852 1263 2105 1336 quamvis

207 1353 293 1402 75
342 1349 490 1402 iufra
529 1348 713 1402 Lucili
757 1365 984 1402 censum
1027 1348 1443 1421 ingeniumque,
1490 1359 1678 1404 tamen
1723 1366 1810 1404 me

342 1451 470 1488 cum
512 1433 728 1506 magnis
773 1433 983 1489 vixisse
1027 1432 1206 1487 invita
1247 1435 1513 1490 fatebitur
1555 1451 1735 1506 usque

340 1518 570 1587 invidia,
616 1528 672 1574 et
714 1518 902 1590 fragili
947 1536 1220 1590 quaerens
1266 1520 1505 1576 inlidere
1550 1523 1796 1591 dentem,

339 1605 585 1659 offendet
627 1605 822 1670 solido,
867 1604 978 1659 nisi
1021 1603 1159 1676 quid
1202 1613 1284 1674 tu,
1331 1609 1493 1661 docte
1536 1602 1785 1668 Trebati,

338 1689 622 1746 dissentis,
713 1689 993 1762 ‘equidem
1035 1688 1175 1744 nihil
1219 1691 1351 1747 hinc
1395 1691 1685 1764 diffingere
1728 1705 1973 1760 possum.

203 1776 292 1829 80
341 1777 442 1829 sed
486 1783 674 1830 tamen
719 1783 785 1830 ut
827 1775 1069 1830 monitus
1115 1791 1328 1846 caveas,
1374 1796 1447 1832 ne
1489 1779 1633 1831 forte
1677 1773 1869 1846 negoti

333 1860 571 1915 incutiat
614 1860 719 1914 tibi
763 1860 901 1933 quid
945 1867 1259 1916 sanctarum
1302 1862 1523 1919 inscitia
1567 1863 1770 1932 legum.

339 1945 390 2000 si
433 1946 580 2000 mala
623 1945 938 2001 condiderit
979 1946 1039 2000 in
1085 1963 1249 2017 quem
1294 1948 1417 2021 quis
1464 1947 1727 2013 carmina,
1772 1947 1857 2001 ius
1904 1958 1991 2000 est

334 2030 750 2102 iudiciumque.'
837 2040 976 2098 est0‚
1023 2031 1204 2103 siquis
1250 2035 1424 2089 mala:
1472 2035 1573 2088 sed
1616 2035 1765 2086 bona
1810 2032 1983 2103 siquis

333 2114 517 2172 iudice
561 2115 876 2171 condiderit
917 2116 1186 2172 laudatus
1236 2120 1515 2176 Caesare?
1561 2117 1735 2190 siquis

203 2209 286 2258 85
339 2200 654 2274 opprobriis
697 2202 926 2274 dignum
970 2202 1332 2272 laceraverit,
1379 2205 1598 2276 integer
1641 2203 1803 2273 ipse?

345 2284 651 2342 ‘solventur
694 2287 809 2342 risu
854 2290 1096 2357 tabulae,
1144 2301 1206 2347 tu
1252 2292 1449 2346 missus
1495 2279 1706 2344 abibis)

1169 2641 1230 2696 ΙΙ

346 2803 506 2868 Quae
547 2803 728 2860 virtus
772 2814 830 2860 et
874 2813 1100 2878 quanta,
1147 2803 1301 2869 boni,
1354 2801 1427 2857 sit
1471 2801 1658 2857 vivere
1702 2819 1876 2873 parvo
1922 2831 2005 2840 —

346 2906 449 2944 nec
492 2908 648 2945 meus
693 2890 782 2946 hic
827 2908 1006 2946 sermo
1052 2897 1154 2956 est,
1201 2889 1303 2944 sed
1348 2906 1491 2960 quae
1534 2887 1821 2960 praecepit
1849 2887 2068 2943 Ofellus

344 2974 610 3044 rusticus,
659 2975 942 3031 abnormis
988 2975 1210 3048 sapiens
1258 2991 1555 3045 crassaque
1585 2972 1841 3028 Minerva
1883 3001 1968 3010 —-

347 3060 566 3128 discite,
612 3079 722 3116 non
767 3061 915 3116 inter
957 3061 1131 3115 lancis
1175 3077 1507 3130 mensasque
1550 3057 1796 3124 nitentis,

261 3151 298 3200 5
348 3164 472 3200 cum
517 3155 710 3218 stupet
749 3146 958 3200 insanis
1003 3146 1148 3202 acies
1192 3144 1502 3218 fulgoribus
1547 3153 1605 3198 et
1647 3161 1771 3198 cum

347 3230 582 3286 adclinis
624 3232 775 3287 falsis
819 3232 1034 3286 animus
1079 3230 1314 3287 meliora
1356 3237 1591 3294 recusat,

349 3334 544 3371 verum
577 3316 668 3373 hic
709 3317 958 3390 inpransi
997 3335 1211 3372 mecum
1257 3313 1563 3386 disquirite.
1653 3311 1771 3368 ‘cur
1812 3315 1981 3368 hoc?

352 3401 555 3469 dicam,
602 3403 650 3457 si
692 3413 911 3476 potero,
999 3403 1140 3457 male
1183 3418 1378 3458 verum
1423 3397 1699 3453 examinat
1745 3399 1925 3454 omnis

358 3496 652 3559 corruptus
693 3487 888 3543 iudex.
974 3487 1220 3560 leporem
1268 3491 1510 3541 sectatus
1556 3501 1773 3556 equove
