2459 3959
975 302 1208 360 LIBER
1251 302 1301 359 1.
1350 309 1381 358 6
2040 301 2165 363 157

387 474 501 512 non
543 461 704 528 patre
747 453 1057 526 praeclaro,
1105 457 1205 510 sed
1248 455 1364 512 vita
1406 463 1467 512 et
1504 463 1731 528 pectore
1776 477 1939 530 puro.

251 548 334 597 65
386 541 556 613 atqui,
585 541 634 596 si
676 539 826 596 vitiis
871 541 1243 620 mediocribus
1287 558 1355 597 ac
1396 559 1520 596 mea
1560 542 1751 613 paucis

383 628 651 682 mendosa
695 633 780 682 est
823 633 1042 692 natura,
1087 626 1301 699 alioqui
1342 634 1512 693 recta,
1556 628 1712 683 velut
1755 628 1803 683 si

387 711 612 784 egregio
656 711 942 783 inspersos
987 713 1289 783 reprendas
1333 729 1563 784 corpore
1607 730 1832 781 naevos,

382 797 432 852 si
475 814 654 869 neque
698 795 984 852 avaritiam
1029 815 1208 869 neque
1254 797 1433 852 sordis
1477 816 1581 853 nec
1622 799 1767 852 mala
1808 800 1981 856 lustra

381 882 586 938 obiciet
626 900 758 937 vere
802 881 1096 954 quisquam
1139 882 1294 951 mihi,
1341 901 1513 955 purus
1558 891 1613 938 et
1656 883 1864 955 insons,

253 969 336 1022 70
385 974 451 1021 ut
490 985 580 1022 me
623 968 970 1035 conlaudem,
1015 966 1065 1022 si
1108 975 1166 1021 et
1205 968 1334 1023 vivo
1378 985 1536 1024 carus
1582 968 1789 1037 amicis,

381 1069 582 1107 caussa
623 1052 732 1107 fuit
773 1059 933 1124 pater
974 1052 1082 1120 his,
1130 1054 1226 1125 qui
1268 1070 1453 1108 macro
1497 1071 1705 1126 pauper
1751 1057 1932 1128 agello

382 1138 566 1192 noluit
605 1137 666 1192 in
709 1137 866 1191 Flavi
907 1139 1101 1193 ludum
1143 1157 1232 1194 me
1277 1139 1521 1206 mittere,
1569 1139 1757 1211 magni

382 1240 493 1294 quo
537 1223 697 1296 pueri
741 1223 956 1296 magnis
1001 1241 1033 1278 e
1077 1224 1493 1280 centurionibus
1539 1223 1667 1292 orti,

379 1305 536 1363 laevo
581 1307 835 1378 suspensi
876 1308 1088 1363 loculos
1132 1309 1489 1381 tabulamque
1531 1309 1761 1378 lacertO,

252 1399 281 1447 7
297 1396 330 1446 5
380 1392 536 1448 ibant
579 1393 794 1448 octonis
838 1394 1142 1450 referentes
1185 1395 1371 1448 idibus
1414 1411 1573 1461 aera;

385 1480 485 1532 sed
529 1497 763 1550 puerum
807 1486 892 1534 est
935 1497 1100 1534 ausus
1141 1481 1377 1535 Romam
1419 1486 1658 1551 portare,
1704 1479 2015 1534 docendum

383 1564 518 1618 artis
563 1581 700 1636 quas
745 1565 940 1620 doceat
983 1564 1162 1636 quivis
1207 1582 1379 1637 eques
1420 1572 1587 1635 atque
1634 1571 1855 1628 senator

383 1656 559 1704 semet
601 1656 922 1721 prognatos.
1007 1658 1217 1706 vestem
1262 1666 1561 1720 servosque
1604 1649 1907 1720 sequentis,

379 1731 440 1788 in
482 1753 683 1806 magno
726 1743 789 1788 ut
833 1734 1060 1806 populo,
1107 1734 1254 1806 siqui
1296 1734 1545 1799 vidisset,
1591 1734 1741 1790 avita

253 1819 335 1873 80
382 1835 457 1872 ex
499 1837 561 1875 re
603 1819 862 1892 praeberi
905 1829 1154 1891 sumptus
1199 1819 1335 1874 mihi
1378 1821 1629 1874 crederet
1670 1819 1813 1878 illos.

376 1901 500 1974 ipse
543 1904 678 1960 mihi
721 1912 904 1960 custos
949 1904 1451 1976 incorruptissimus
1498 1903 1675 1959 omnis

379 1989 584 2044 circum
629 1991 884 2046 doctores
930 1993 1140 2046 aderat.
1229 1989 1363 2061 quid
1404 1990 1618 2044 multa?
1663 1990 1942 2061 pudicum,

379 2075 476 2146 qui
519 2074 728 2148 primus
772 2074 993 2130 virtutis
1036 2077 1229 2143 honos,
1274 2074 1513 2130 servavit
1556 2075 1626 2130 ab
1670 2075 1819 2130 omni

374 2177 489 2215 non
531 2161 709 2215 solum
749 2159 913 2236 facto,
959 2177 1148 2216 verum
1193 2159 1490 2233 opprobrio
1533 2178 1757 2232 quoque
1798 2161 1976 2234 turpi:

248 2248 326 2298 85
377 2263 482 2299 nec
525 2245 730 2315 timuit,
777 2245 883 2300 sibi
921 2263 992 2300 ne
1034 2246 1168 2302 vitio
1211 2246 1337 2317 quis
1381 2252 1641 2312 verteret,
1688 2246 1821 2302 olim

373 2329 422 2384 si
464 2349 666 2402 praeco
708 2348 906 2402 parvas
950 2339 1062 2399 aut,
1107 2340 1168 2386 ut
1209 2331 1316 2385 fuit
1359 2329 1499 2402 ipse,
1548 2339 1771 2388 coactor

367 2418 646 2472 mercedes
692 2433 980 2487 sequerer3
1026 2434 1206 2489 neque
1251 2433 1355 2487 ego
1402 2433 1579 2472 essem
1624 2425 1885 2489 questus:
1930 2427 1987 2474 at
2028 2419 2132 2476 hoc

1785 2522 1932 2560 nune

362 2585 484 2640 laus
529 2585 615 2642 illi
660 2589 896 2644 debetur
939 2594 998 2644 et
1039 2605 1072 2640 a
1115 2604 1203 2641 me
1246 2586 1427 2658 gratia
1466 2586 1656 2644 maior.

362 2671 444 2725 nil
486 2690 576 2728 me
617 2673 904 2745 paeniteat
945 2691 1140 2728 sanum
1183 2673 1357 2744 patris
1402 2671 1593 2741 huius3
1641 2691 1821 2746 eoque

238 2757 317 2810 90
363 2774 498 2824 non,
542 2766 606 2812 ut
650 2777 851 2831 magna
895 2759 1024 2814 dolo
1066 2759 1275 2812 factum
1317 2765 1488 2830 negat
1530 2775 1651 2814 esse
1695 2777 1795 2812 suo
1840 2776 1984 2828 pars,

367 2845 522 2913 quod
565 2862 678 2898 non
719 2845 989 2916 ingenuos
1035 2844 1238 2898 habeat
1280 2843 1569 2915 clarosque
1612 2843 1883 2914 parentis,

358 2926 439 2982 sic
481 2945 571 2984 me
615 2931 926 2987 defendam.
1020 2929 1188 3001 longe
1230 2945 1355 2982 mea
1397 2928 1676 2999 discrepat
1718 2926 1843 2982 istis

357 3019 416 3068 et
458 3030 570 3068 vox
617 3023 674 3070 et
715 3016 878 3071 ratio.
965 3033 1094 3070 nam
1135 3013 1184 3068 si
1229 3021 1427 3067 natura
1468 3013 1686 3068 iuberet

351 3113 388 3151 a
431 3097 595 3154 certis
641 3100 800 3156 annis
846 3118 1042 3156 aevum
1085 3117 1335 3154 remeare
1376 3105 1679 3170 peractum,

228 3187 302 3237 95
343 3189 512 3254 atque
557 3185 695 3240 alios
737 3186 942 3258 legere,
988 3187 1060 3240 ad
1101 3185 1306 3239 fastum
1350 3200 1710 3256 quoscunque
1753 3183 1999 3254 parentis

348 3277 568 3340 optaret
609 3270 717 3325 sibi
759 3271 1009 3343 quisque,
1056 3270 1194 3326 meis
1238 3277 1531 3324 contentus
1576 3269 1839 3324 honestos

343 3353 588 3410 fascibus
634 3363 691 3410 et
733 3357 880 3411 sellis
924 3356 1130 3411 nollem
1174 3355 1309 3408 mihi
1356 3371 1595 3421 sumere,
1641 3357 1867 3410 demens

341 3436 548 3497 iudicio
591 3442 760 3514 volgi,
804 3460 968 3498 sanus
1011 3445 1246 3497 fortasse
1289 3447 1403 3506 tuo,
1448 3441 1600 3511 quod

346 3525 552 3582 nollem
611 3545 748 3584 onus
803 3529 954 3586 haud
1008 3545 1252 3602 unquam
1304 3524 1500 3584 solitus
1542 3532 1767 3601 portare
1811 3525 2125 3584 molestum·
