2459 3959
914 288 1062 349 Lm.
1106 290 1156 348 Ι.
1205 296 1235 346 1
1252 294 1449 359 7-12
2065 272 2151 344 19
2173 286 2179 295 ’

1076 470 1285 527 XVIII

327 620 574 686 Nullam,
621 619 791 684 Vere,
837 634 993 672 sacra
1035 616 1148 671 vite
1193 616 1347 689 prius
1392 616 1597 671 severis
1644 618 1895 675 arborem

332 705 480 759 circa
521 704 656 759 mite
702 704 880 759 solum
923 702 1147 757 Tiburis
1191 711 1250 756 et
1291 702 1511 757 moenia
1555 702 1747 772 Catili3

339 789 498 845 siccis
543 789 728 844 omnia
769 807 896 843 nam
942 790 1080 843 dura
1124 790 1259 843 deus
1304 787 1611 860 proposuit,
1657 807 1839 863 neque

338 877 626 932 mordaces
671 874 833 929 aliter
879 872 1175 946 diffugiunt
1218 873 1640 930 sollicitudines.

245 1014 283 1062 5
339 1006 462 1078 quis
506 1011 632 1076 post
677 1002 806 1057 vina
845 1020 1070 1075 gravem
1116 1002 1371 1057 militiam
1416 1010 1511 1057 aut
1551 1004 1871 1076 pauperiem
1914 1006 2139 1079 crepat?

338 1092 462 1164 quis
505 1108 618 1145 non
660 1097 719 1143 te
761 1089 964 1160 potius,
989 1089 1204 1142 Bacche
1244 1096 1419 1160 pater,
1465 1096 1651 1161 teque,
1696 1091 1899 1146 decens
1928 1091 2160 1147 Venus?

336 1194 401 1231 ac
444 1175 642 1247 nequis
687 1174 890 1231 modici
931 1174 1206 1228 transiliat
1249 1192 1479 1228 munera
1522 1174 1732 1245 Liberi,

337 1262 650 1318 Centaurea
691 1269 878 1315 monet
923 1278 1048 1314 eum
1090 1258 1341 1331 Lapithis
1385 1259 1510 1313 rixa
1554 1278 1719 1332 super
1762 1278 1914 1317 mero

342 1389 638 1455 debellata,
683 1395 871 1442 monet
916 1387 1182 1442 Sithoniis
1226 1405 1340 1441 non
1385 1386 1523 1441 levis
1567 1388 1797 1456 Euhius,

213 1478 294 1531 10
343 1494 468 1529 cum
511 1474 592 1528 fas
639 1481 806 1545 atque
851 1467 1006 1527 nefas
1051 1473 1257 1543 exiguo
1298 1474 1409 1526 fine
1452 1464 1746 1528 libidinum

341 1560 662 1613 discernunt
703 1558 871 1614 avidi.
917 1576 1027 1611 non
1074 1574 1179 1629 ego
1223 1566 1303 1626 te,
1346 1558 1581 1613 candide
1626 1559 1917 1630 Bassareu,

338 1644 576 1700 invitum
619 1644 864 1717 quatiam
908 1662 1011 1699 nec
1052 1643 1219 1697 variis
1267 1643 1447 1697 obsita
1487 1642 1776 1700 frondibus

349 1775 454 1828 sub
502 1773 690 1828 divum
734 1772 962 1843 rapiam.
1012 1789 1177 1827 saeva
1217 1781 1348 1826 tene
1394 1758 1517 1826 cum
1562 1772 1892 1845 Berecyntio

353 1877 526 1915 cornu
567 1866 846 1930 tympana,
893 1874 1036 1930 quae
1081 1859 1437 1929 subsequitur
1480 1873 1676 1913 caecus
1720 1877 1873 1914 amor
1916 1861 2020 1928 sui,

215 1951 294 2001 15
346 1952 405 1999 et
446 1946 649 1999 tollens
694 1961 927 1998 vacuum
970 1944 1097 2017 plus
1142 1943 1312 1997 nimio
1355 1943 1533 2014 gloria
1575 1943 1861 2014 verticem,

348 2030 644 2103 arcanique
688 2030 826 2085 fides
869 2031 1120 2102 prodiga,
1167 2029 1510 2101 perlucidior
1552 2030 1719 2085 vitro.

1123 2360 1274 2419 XIX

352 2509 537 2564 Mater
579 2527 746 2565 saeva
791 2509 1124 2581 Cupidinum

438 2595 853 2667 Thebanaeque
895 2595 1053 2650 iubet
1094 2612 1183 2649 me
1229 2594 1477 2649 Semeles
1521 2612 1661 2667 puer

357 2687 414 2735 et
457 2681 660 2735 lasciva
700 2680 956 2735 Licentia

443 2766 612 2821 finitis
657 2764 902 2821 animum
942 2767 1183 2821 reddere·
1225 2764 1523 2821 amoribus.

277 2903 310 2951 5
357 2895 472 2949 urit
514 2912 602 2948 me
648 2894 920 2964 Glycerae
965 2894 1116 2949 nitor

444 2980 790 3053 splendentis
835 2979 999 3034 Pario
1043 2997 1315 3035 marmore
1358 2979 1585 3051 purius3

365 3064 477 3120 urit
518 3072 678 3137 grata
718 3065 1052 3137 protervitas

447 3159 504 3205 et
544 3150 729 3204 voltus
772 3150 1000 3204 nimium
1043 3151 1287 3206 lubricus
1332 3152 1562 3224 adspici-

360 3280 419 3334 in
463 3296 552 3333 me
593 3283 715 3333 tota
755 3274 921 3333 ruens
966 3280 1158 3335 Venus

243 3368 316 3421 10
447 3364 688 3435 Cyprum
730 3362 995 3433 deseruit,
1041 3383 1144 3419 nec
1185 3367 1395 3440 patitur
1440 3366 1670 3434 Scythas

368 3458 426 3506 et
467 3449 642 3505 versis
687 3450 988 3505 animosum
1034 3451 1194 3523 equis⁸

447 3534 714 3591 Parthum
760 3534 943 3593 dicere
987 3550 1090 3592 nec
1132 3554 1274 3610 quae
1318 3538 1457 3594 nihil
1502 3539 1767 3595 adtinent.

1686 3615 1767 3685 2*
