2459 3959
260 227 381 306 τι·
1036 233 1457 294 cARMmVM
1482 295 1487 302 .

392 399 451 449 te
492 393 652 449 lanae
703 408 880 464 prope
923 389 1172 448 nobilem

480 486 675 534 tonsae
717 475 1032 546 Luceriam¹
1075 493 1191 532 uon
1231 475 1479 532 citharae
1520 474 1743 544 decent,

273 569 354 621 15
401 581 506 622 nec
548 567 650 620 flos
694 580 1008 638 purpureus
1049 578 1237 634 rosae„

484 667 586 706 nec
626 649 749 724 poti
794 648 1042 703 vetulam
1087 647 1241 703 faece
1284 653 1451 701 tenus
1496 644 1643 716 cadi.

1171 929 1319 984 XVI

403 1079 684 1135 Inclusam
726 1079 962 1135 Danaen
1004 1077 1173 1133 turris
1219 1095 1395 1132 aenea

403 1167 781 1238 robustaeque
823 1165 969 1220 fores
1015 1173 1074 1220 et
1113 1163 1348 1236 vigilum
1390 1179 1587 1218 canum
1676 1152 1695 1160 ’

491 1251 688 1307 tristes
733 1250 1000 1307 excubiae
1043 1250 1358 1305 munierant
1402 1248 1539 1304 satis

576 1336 861 1392 nocturnis
907 1338 976 1393 ab
1022 1335 1308 1400 adulteris,

323 1513 359 1564 ὅ
407 1507 455 1563 si
499 1527 613 1563 non
655 1505 933 1562 Acrisium
976 1505 1204 1578 virginis
1250 1505 1471 1561 abditae

407 1595 693 1648 custodem
737 1592 1000 1664 pavidum
1042 1592 1297 1665 Iuppiter
1342 1600 1400 1646 et
1442 1591 1635 1646 Venus

490 1679 774 1734 risissent:
818 1678 941 1734 fore
985 1677 1134 1733 enim
1174 1685 1359 1733 tutum
1403 1677 1512 1732 iter
1556 1684 1613 1734 et
1654 1682 1855 1748 patens

580 1781 848 1818 converso
891 1763 949 1818 in
993 1763 1235 1838 pretium
1281 1763 1405 1818 deo.

410 1952 607 1990 aurum
649 1951 752 2007 per
793 1932 1004 1989 medios
1049 1933 1130 1988 ire
1177 1935 1445 1994 satellites

288 2023 364 2076 10
413 2021 473 2076 et
515 2036 872 2094 perrumpere
914 2027 1064 2073 amat
1106 2038 1243 2075 saxa
1284 2019 1567 2094 potentius

494 2106 613 2161 ictu
655 2105 950 2160 fulmineo:
998 2107 1242 2162 concidit
1286 2105 1512 2178 auguris

580 2189 780 2263 Argivi
822 2192 1017 2246 domus
1063 2193 1136 2246 ob
1180 2193 1393 2248 lucrum

411 2363 664 2419 demersa
707 2361 914 2430 exiti03
961 2362 1165 2418 diffidit
1207 2362 1424 2417 urbium

413 2454 604 2521 portas
651 2448 736 2502 vir
776 2448 1018 2502 Macedo
1059 2456 1116 2504 et
1160 2448 1379 2504 subruit
1420 2449 1669 2504 aemulos

293 2539 369 2591 15
503 2551 661 2606 reges
705 2532 1052 2600 muneribus;
1097 2552 1326 2589 munera
1370 2531 1593 2590 navium

587 2637 779 2674 saevos
822 2618 1144 2692 inlaqueant
1187 2622 1377 2676 duces.

403 2797 740 2845 crescentem
787 2789 1039 2861 sequitur
1083 2807 1214 2846 cura
1258 2789 1553 2863 pecuniam

415 2875 798 2947 maiorumque
839 2876 1031 2931 fames.
1073 2875 1194 2932 iure
1238 2875 1531 2948 perhorrui
1592 2919 1599 2930 .

503 2961 614 3015 late
659 2960 1014 3034 conspicuum
1057 2961 1254 3017 tollere
1297 2961 1583 3028 verticem,

295 3047 376 3102 80
591 3046 906 3114 Maecenas,
951 3047 1200 3120 equitum
1247 3048 1435 3102 decus.

422 3224 632 3288 quanto
677 3217 912 3291 quisque
956 3217 1064 3272 sibi
1107 3218 1269 3290 plura
1311 3215 1619 3290 negaverit,

422 3303 492 3355 ab
538 3300 622 3356 dis
671 3303 830 3374 plura
873 3303 1044 3358 feret:
1091 3303 1173 3358 nil
1217 3303 1561 3376 cupientium

506 3389 686 3441 nudus
730 3395 912 3442 castra
952 3395 1085 3460 peto
1131 3395 1189 3443 et
1230 3389 1519 3461 transfuga
1563 3385 1799 3450 divitum,

611 3471 787 3544 partis
833 3473 1092 3545 linquere
1133 3473 1343 3545 gestio,-
