2459 3959
325 319 414 378 46
1098 325 1523 384 CARMINVM

453 478 752 550 linquenda
795 479 960 533 tellus
1005 485 1062 532 et
1106 480 1301 534 domus
1348 489 1406 536 et
1447 483 1671 554 placens

458 582 616 630 uxor,
661 581 842 636 neque
885 565 1076 618 harum
1125 583 1263 636 quas
1310 567 1445 622 colis
1491 569 1748 622 arborum

537 658 590 704 te
635 657 858 720 praeter
900 649 1106 703 invisas
1151 668 1441 722 cupressos

619 734 732 788 ulla
774 736 996 790 brevem
1043 735 1327 790 dominum
1372 745 1651 810 sequetur.

325 871 399 918 25
451 864 702 917 absumet
743 863 902 916 heres
949 862 1198 918 Caecuba
1244 864 1464 935 dignior
1513 879 1521 886 ·

454 956 670 1002 servata
714 955 932 1001 centum
979 949 1225 1002 clavibus
1273 958 1331 1004 et
1371 969 1522 1006 mero

538 1034 754 1104 tinguet
799 1033 1172 1104 pavimentum
1220 1037 1475 1106 superbe,

619 1117 940 1189 pontificum
984 1120 1204 1190 potiore
1251 1121 1419 1175 cenis.

1247 1444 1363 1498 XV

406 1589 524 1643 Iam
567 1605 744 1661 pauca
786 1598 968 1643 aratro
1013 1589 1204 1661 iugera
1231 1590 1418 1662 regiae

450 1675 623 1728 moles
667 1674 1002 1746 relinquent,
1049 1675 1293 1746 undique
1338 1675 1505 1730 latius

536 1767 760 1813 extenta
801 1760 1049 1814 visentur
1090 1760 1330 1814 Lucrino

621 1853 816 1918 stagna
857 1846 997 1914 lacu,
1043 1846 1408 1918 platanusque
1454 1847 1667 1901 caelebs

368 1984 398 2030 5
451 1975 670 2030 evincet
711 1974 906 2028 ulmos.
951 1982 1068 2028 tum
1113 1973 1345 2028 violaria
1390 1983 1446 2028 et

449 2070 659 2132 myrtus
705 2068 762 2114 et
805 2059 980 2114 omnis
1025 2059 1184 2131 copia
1225 2059 1439 2114 narium

537 2153 802 2219 spargent
847 2145 1062 2199 olivetis
1107 2147 1333 2199 odorem

619 2230 890 2286 fertilibus
937 2230 1157 2286 domino
1201 2230 1400 2304 priori:

452 2369 567 2414 tum
615 2359 790 2432 spissa
832 2359 998 2414 ramis
1042 2359 1231 2414 laurea
1276 2359 1515 2415 fervidos

331 2454 402 2499 10
451 2446 711 2500 excludet
755 2445 915 2498 ictus.
960 2463 1071 2499 non
1116 2446 1194 2499 ita
1237 2445 1463 2498 Romuli

538 2529 937 2604 praescriptum
984 2538 1040 2583 et
1083 2530 1291 2584 intonsi
1338 2529 1560 2584 Catonis

620 2614 880 2686 auspiciis
925 2623 1287 2686 veterumque
1332 2633 1540 2669 norma.

454 2743 700 2816 privatus
743 2742 853 2796 illis
899 2760 1092 2797 census
1138 2751 1258 2798 erat
1301 2743 1508 2816 brevis,

453 2847 738 2885 commune
782 2846 1069 2900 magnum:
1117 2830 1271 2883 nulla
1316 2830 1663 2900 decempedis

332 2923 402 2970 15
535 2923 740 2969 metata
783 2914 1013 2985 privatis
1060 2932 1286 2986 opacam

621 2999 866 3072 porticus
914 2998 1227 3072 excipiebat
1271 3008 1481 3067 arcton,

467 3145 569 3183 nec
611 3127 898 3183 fortuitum
946 3146 1205 3201 spernere
1252 3129 1513 3201 cespitem

463 3214 614 3286 leges
663 3212 934 3282 sinebant,
983 3215 1185 3287 oppida
1227 3214 1448 3286 publico

552 3306 777 3370 sumptu
821 3299 1070 3355 iubentes
1117 3307 1174 3354 et
1215 3303 1446 3354 deorum

331 3392 404 3439 20
620 3385 834 3459 templa
877 3404 1030 3441 novo
1076 3387 1340 3440 decorare
1385 3401 1540 3438 saxo·
