2459 3959
326 286 414 350 96
1089 293 1387 350 CARMIN
1390 293 1507 348 VM

376 452 407 501 5
456 447 635 502 lucem
678 446 850 501 redde
896 452 1048 514 tuae,
1095 449 1210 502 dux
1254 449 1415 515 bone,
1460 447 1708 518 patriae:

457 532 631 587 instar
673 532 816 587 veris
863 531 1009 587 enim
1054 534 1235 588 voltus
1282 534 1375 590 ubi
1420 542 1547 587 tuus

457 617 683 674 adfulsit
725 619 954 690 populo,
1001 620 1210 691 gratior
1252 619 1297 673 it
1341 619 1458 674 dies

541 713 599 760 et
643 703 788 758 soles
834 704 1030 760 melius
1073 705 1273 760 nitent.

457 856 521 902 ut
562 857 738 903 mater
777 849 1050 917 iuvenem,
1097 869 1259 922 quem
1304 857 1466 904 notus
1511 849 1701 903 invido

338 941 411 990 10
457 936 591 988 flatu
637 935 918 1006 Carpathii
960 946 1112 990 trans
1155 936 1319 992 maris
1364 953 1600 1007 aequora

459 1027 810 1074 cunctantem
856 1022 1035 1093 spatio
1081 1023 1297 1094 longius
1344 1039 1524 1076 annuo

544 1106 691 1160 dulci
735 1107 962 1162 distinet
1005 1127 1038 1162 a
1080 1110 1263 1174 dom0,

455 1252 599 1306 votis
644 1252 1030 1325 ominibusque
1074 1261 1130 1306 et
1171 1252 1428 1323 precibus
1472 1261 1653 1320 vocat,

462 1354 628 1391 curvo
672 1357 775 1393 nec
817 1339 1012 1392 faciem
1056 1338 1216 1391 litore
1263 1338 1535 1392 dimovet:

340 1428 412 1477 15
461 1422 540 1478 sic
582 1423 869 1478 desideriis
913 1425 1024 1478 iet-a
1067 1424 1321 1476 fidelibus

545 1509 764 1582 quaerit
803 1509 983 1582 patria
1025 1509 1336 1564 Caesarem.

458 1663 612 1711 tutus
660 1656 758 1710 bos
803 1655 1006 1710 etenim
1051 1675 1180 1708 rura
1222 1655 1587 1726 perambulat,

460 1741 636 1795 nutrit
677 1758 806 1794 rura
849 1741 1016 1796 Ceres
1061 1743 1317 1812 almaque
1360 1741 1654 1807 Faustitas,

461 1834 717 1900 pacatum
761 1826 992 1880 volitant
1033 1845 1134 1897 per
1177 1845 1329 1881 mare
1372 1825 1609 1894 navitae,

339 1916 416 1968 20
546 1911 754 1985 culpari
798 1911 991 1968 metuit
1036 1913 1199 1980 fides3

462 2058 626 2114 nullis
670 2057 937 2130 polluitur
977 2066 1128 2112 casta
1170 2059 1363 2112 domus
1409 2058 1630 2129 stupriS,

459 2163 578 2198 mos
624 2151 682 2197 et
723 2145 814 2198 lex
857 2145 1194 2198 maculosum
1239 2144 1487 2198 edomuit
1529 2144 1695 2211 nesae,

459 2231 752 2284 laudantur
795 2229 960 2283 simili
1003 2230 1158 2301 prole
1201 2248 1522 2301 puerperae,

546 2314 764 2387 culpam
808 2333 986 2386 poena
1027 2315 1231 2387 premit
1274 2333 1475 2369 comes,

339 2466 413 2516 25
462 2460 585 2532 quis
628 2459 895 2514 Parthum
937 2468 1154 2532 paveat,
1200 2458 1324 2531 quis
1368 2458 1611 2529 gelidum
1656 2460 1917 2531 Scythen,

459 2545 582 2618 quis
629 2544 922 2599 Germania
966 2563 1104 2616 quos
1149 2544 1375 2598 horrida
1419 2545 1656 2616 parturit

459 2632 622 2692 fetus,
669 2629 930 2684 incolumi
976 2629 1252 2684 Caesare?
1298 2629 1419 2700 quis
1462 2631 1612 2684 ferae

542 2717 748 2771 bellum
792 2723 947 2769 curet
989 2715 1293 2769 Hiberiae?

461 2862 648 2917 condit
689 2861 920 2934 quisque
965 2859 1110 2914 diem
1157 2861 1389 2914 collibus
1433 2860 1485 2914 in
1534 2861 1668 2929 suis,

339 2956 412 3004 30
462 2956 519 3004 et
561 2948 726 3002 vitem
773 2947 962 3000 viduas
1009 2946 1163 3000 ducit
1206 2949 1277 2999 ad
1322 2947 1576 3014 arbores;

459 3034 588 3089 hinc
631 3034 703 3087 ad
745 3033 871 3086 vina
914 3032 1060 3085 redit
1102 3032 1280 3086 laetus
1327 3041 1385 3086 et
1430 3032 1619 3087 alteris

543 3127 601 3174 te
644 3118 848 3173 mensis
893 3117 1117 3173 adhibet
1162 3120 1355 3184 deum3

453 3272 512 3320 te
555 3265 728 3319 multa
770 3281 954 3335 prece,
1000 3270 1058 3318 te
1102 3263 1457 3336 prosequitur
1500 3281 1653 3318 mero

459 3351 650 3404 defuso
695 3349 920 3422 pateris,
969 3358 1028 3405 et
1070 3348 1279 3402 laribus
1322 3358 1475 3402 tuum

335 3441 408 3492 35
456 3435 650 3490 miscet
690 3453 914 3502 numen,
959 3435 1039 3489 uti
1085 3433 1317 3489 Graecia
1360 3433 1603 3489 Castoris

544 3528 602 3575 et
643 3520 829 3593 magni
871 3539 1078 3574 memor
1123 3519 1397 3574 Herculis.
