2459 3959
900 316 1046 381 ΗΒ.
1093 324 1140 379 Ι.
1189 332 1432 381 19—22

323 478 418 534 hic
459 479 662 533 bellum
705 478 1074 545 lacrimosum,
1117 478 1210 532 hic
1254 479 1509 535 miseram
1551 480 1749 535 famem

329 574 654 639 pestemque
699 582 732 619 a
771 565 981 636 populo
1027 572 1083 619 et
1125 564 1375 637 principe
1421 565 1655 623 Caesare
1696 566 1756 622 in

193 655 276 706 15
418 650 616 706 Persas
660 657 827 722 atque
869 650 1168 705 Britannos

503 743 688 790 vestra
731 744 926 790 motus·
955 745 1085 809 aget
1128 752 1315 807 prece.

1077 1061 1256 1117 XXII

330 1211 560 1283 Integer
600 1209 746 1264 vitae
791 1209 1126 1281 scelerisque
1169 1227 1342 1281 purus

335 1316 448 1351 non
495 1303 624 1367 eget
665 1295 875 1349 Mauris
919 1295 1137 1362 iaculis,
1184 1312 1370 1365 neque
1415 1311 1544 1349 arcu

330 1400 436 1438 nec
478 1381 762 1436 venenatis
808 1380 1035 1451 gravida
1078 1379 1325 1453 sagittis,

419 1468 618 1536 Fusco,
663 1467 936 1539 pharetra,

255 1601 291 1651 5
342 1595 460 1649 sive
503 1613 604 1668 per
647 1595 824 1665 Syrtis
866 1594 975 1649 iter
1018 1602 1323 1662 aestuosas,

339 1681 458 1735 sive
503 1683 745 1735 facturus
787 1697 888 1751 per
930 1680 1317 1751 inhospitalem

335 1767 642 1823 Caucasum
685 1766 772 1820 vel
817 1783 957 1838 quae
1001 1765 1126 1819 loca
1166 1766 1447 1820 fabulosus

416 1852 612 1908 lambit
655 1851 973 1924 Hydaspes.

333 2000 572 2053 namque
614 2000 703 2037 me
749 1981 884 2035 silva
926 1982 1087 2053 lupus
1131 1980 1188 2036 in
1236 1980 1457 2048 Sabina,

213 2071 296 2123 10
341 2069 471 2122 dum
515 2085 694 2122 meam
747 2075 906 2121 canto
949 2067 1194 2137 Lalagen
1240 2074 1296 2119 et
1338 2066 1485 2120 ultra

331 2152 628 2208 terminum
673 2152 816 2208 curis
859 2169 1034 2224 vagor
1078 2151 1371 2224 expeditis,

419 2239 564 2310 fugit
605 2239 890 2293 inermem.

341 2365 529 2439 [quale
573 2372 892 2439 portentum
936 2383 1114 2437 neque
1157 2365 1410 2421 militaris

337 2452 585 2507 Daunias
631 2451 755 2505 latis
800 2452 900 2505 alit
941 2449 1249 2516 aesculetis,

221 2542 296 2592 15
344 2555 446 2592 nec
488 2538 658 2595 Iubae
702 2536 868 2591 tellus
911 2545 1158 2607 generat,
1203 2537 1427 2591 leonum

426 2622 579 2676 arida
621 2620 854 2688 nutrix]

339 2768 485 2823 pone
527 2769 614 2805 me
657 2749 830 2823 pigris
875 2748 972 2805 ubi
1016 2750 1168 2805 nulla
1214 2751 1421 2824 campis

339 2837 505 2890 arbor
548 2837 758 2891 aestiva
799 2845 1081 2890 recreatur
1125 2856 1275 2902 aura,

339 2923 492 2994 quod
533 2922 679 2977 latus
724 2922 913 2975 mundi
957 2922 1190 2977 nebulae
1235 2923 1520 2995 malusque

220 3014 294 3064 20
427 3006 680 3079 Iuppiter
723 3014 953 3078 urguet3

339 3154 485 3209 pone
530 3137 633 3189 sub
679 3153 843 3189 curru
886 3133 1112 3188 nimium
1156 3134 1453 3207 propinqui

341 3222 472 3277 solis
517 3222 574 3275 in
619 3228 767 3275 terra
811 3220 1062 3274 domibus
1107 3228 1336 3291 negata:

341 3308 500 3362 dulce
545 3306 816 3361 ridentem
859 3305 1109 3377 Lalagen
1150 3307 1360 3371 amab0,

425 3394 586 3449 dulce
631 3394 969 3465 loquentem.

981 3552 1391 3561 ——-——-

2050 312 2141 383 ’21
