2459 3959
256 301 384 365 ΗΞ
1005 309 1462 366 SATIRARVM

422 464 658 520 candida
685 472 950 537 rectaque
979 464 1087 533 sit3
1134 466 1339 519 munda
1380 465 1651 518 hactenus
1694 469 1758 516 ut
1800 479 1989 532 neque
2036 462 2261 533 longa

432 567 537 606 nec
579 551 754 623 magis
797 551 923 604 alba
964 551 1101 604 velit
1143 568 1311 622 quam
1355 552 1451 603 dat
1494 559 1692 604 natura
1734 547 1929 602 videri.

262 642 378 692 125
425 636 563 692 haec
605 636 701 692 ubi
745 635 1036 707 supposuit
1079 639 1279 690 dextro
1326 651 1523 706 corpus
1566 635 1705 689 mihi
1749 635 1988 700 laevum,

424 721 532 777 Ilia
577 729 635 777 et
677 721 880 794 Egeria
925 730 1044 789 est3
1092 723 1162 776 do
1206 739 1406 776 nomen
1453 721 1744 793 quodlibet
1786 719 1885 783 illi,

426 825 528 862 nec
571 825 768 878 vereor
809 825 900 873 ne,
947 809 1078 861 dum
1121 809 1301 871 futu0,
1348 806 1429 860 vir
1473 826 1600 861 rure
1645 813 1910 870 recurrat,

423 892 591 947 ianua
627 894 929 964 frangatur,
975 893 1144 947 lat-ret
1184 891 1357 956 canis,
1403 893 1646 964 undique
1690 907 1889 961 magno

421 978 586 1049 pulsa
629 979 823 1032 domus
870 979 1106 1049 strepitu
1149 985 1389 1045 resonet,
1442 977 1717 1050 vepallida
1760 977 1908 1029 lecto

259 1071 377 1121 130
425 1063 647 1118 desiliat
689 1064 902 1130 mulier,
949 1064 1202 1118 miseram
1249 1079 1309 1116 se
1355 1064 1575 1118 conscia
1621 1051 1837 1129 clamet,

424 1149 672 1203 cruribus
716 1149 854 1203 haec
897 1157 1127 1216 metuat,
1173 1147 1294 1202 doti
1340 1151 1631 1220 deprensa,
1676 1155 1898 1220 egomet
1942 1144 2045 1199 mi.

423 1234 687 1290 discincta
729 1233 917 1289 tunica
961 1234 1281 1306 fugiendum
1326 1244 1411 1290 est
1446 1252 1511 1288 ac
1552 1235 1696 1305 pede
1740 1236 1905 1300 nude,

421 1337 494 1374 ne
537 1319 744 1373 nummi
787 1327 1018 1390 pereant
1063 1329 1158 1374 aut
1199 1338 1349 1392 puga
1393 1328 1489 1374 aut
1531 1321 1772 1391 denique
1816 1321 1973 1372 fama.

423 1406 692 1478 deprendi
734 1407 993 1460 miserum
1039 1415 1151 1460 est:
1195 1406 1369 1459 Fabio
1417 1405 1505 1459 vel
1550 1405 1734 1460 iudice
1777 1406 2017 1459 vincam.

1183 1689 1279 1744 ΙΙΙ

429 1835 702 1890 Omnibus
745 1836 850 1888 hoc
893 1832 1089 1887 vitium
1135 1842 1220 1888 est
1266 1834 1599 1900 cantoribuS,
1644 1835 1793 1889 inter
1836 1833 2047 1888 amicos

421 1928 484 1975 ut
528 1938 808 1991 nunquam
851 1919 1116 1972 inducant
1163 1919 1405 1974 animum
1453 1929 1675 1976 cantare
1718 1919 1915 1992 rogati,

419 2005 615 2061 iniussi
659 2023 940 2076 nunquam
987 2005 1278 2059 desistant.
1370 2007 1577 2060 Sardus
1622 2008 1861 2060 habebat

420 2091 518 2145 ille
562 2091 834 2161 Tigellius
880 2091 1000 2144 hoc.
1090 2091 1310 2156 Caesar,
1357 2091 1453 2162 qui
1498 2110 1695 2161 cogere
1740 2100 1943 2162 posset,

340 2188 371 2236 5
421 2175 467 2232 si
510 2183 726 2248 peteret
767 2195 867 2247 per
910 2174 1203 2230 amicitiam
1248 2177 1423 2248 patris
1469 2184 1635 2247 atque
1681 2195 1851 2242 suam,
1896 2194 2009 2231 non

419 2260 711 2333 quicquam
754 2261 1084 2333 proficeret3
1131 2262 1177 2315 si
1223 2261 1596 2328 conlibuisset,
1644 2265 1715 2316 ab
1762 2280 1865 2316 ovo

419 2364 596 2418 usque
639 2348 708 2400 ad
755 2348 897 2401 mala.
939 2346 1134 2401 citaret
1181 2343 1254 2400 ‘io
1300 2347 1574 2412 bacchae',
1622 2349 1785 2401 modo
1831 2365 2039 2401 summa

420 2448 573 2498 voce,
617 2433 781 2485 modo
825 2435 948 2497 hac,
995 2440 1217 2487 resonat
1263 2451 1405 2503 quae
1450 2433 1669 2486 chordis
1714 2440 1974 2504 quattuor
2015 2431 2152 2486 ima-

422 2517 502 2571 nil
546 2518 777 2589 aequale
822 2517 1030 2572 homini
1074 2518 1179 2572 fuit
1219 2517 1324 2582 illi,
1370 2536 1532 2588 saepe
1576 2519 1733 2572 velut
1777 2518 1874 2590 qui

300 2607 377 2661 10
425 2604 680 2658 currebat
722 2603 942 2672 fugiens
987 2605 1224 2668 hostem,
1271 2622 1536 2674 persaepe
1581 2604 1732 2657 velut
1776 2604 1871 2676 qui

417 2687 645 2746 Iunonis
694 2705 848 2742 sacra
891 2692 1092 2757 ferret3
1139 2690 1379 2742 habebat
1422 2707 1587 2760 saepe
1632 2690 1915 2752 ducentos,

417 2791 584 2845 saepe
629 2776 817 2828 decem
864 2791 1090 2842 servos3
1139 2776 1304 2827 modo
1348 2792 1507 2844 reges
1552 2783 1721 2846 atque
1765 2773 2093 2836 tetrarchas,

415 2859 599 2917 omnia
641 2877 841 2930 magna
871 2860 1120 2932 loquens,
1165 2861 1331 2913 modo
1377 2858 1466 2913 ‘sit
1507 2861 1642 2913 mihi
1688 2878 1879 2914 mensa
1923 2858 2098 2929 tripes
2140 2865 2213 2911 et

415 2946 624 3002 concha
668 2945 796 3001 salis
842 2947 965 3015 puri
1013 2955 1071 3000 et
1111 2954 1244 3015 toga
1288 2963 1430 3017 quae
1475 2946 1775 3000 defendere
1820 2944 1995 3014 frigus

291 3041 364 3090 15
415 3031 665 3106 quamvis
710 3048 893 3084 crassa
937 3032 1136 3103 queat.’
1181 3032 1402 3085 deciens
1448 3040 1682 3085 centena
1725 3031 1972 3084 dedisses

411 3119 540 3174 huic
583 3135 752 3190 parco
797 3116 990 3186 paucis
1037 3125 1320 3181 content0,
1370 3116 1617 3188 quinque
1664 3117 1859 3170 diebus

415 3204 493 3258 nil
529 3214 650 3259 erat
690 3203 750 3257 in
795 3202 1008 3255 loculis.
1097 3202 1277 3256 noctis
1322 3201 1591 3273 vigilabat
1636 3205 1707 3256 ad
1752 3203 1935 3274 ipsum

414 3307 592 3354 mane,
640 3289 787 3341 diem
832 3294 1008 3340 totum
1054 3291 1337 3342 stertebat.
1384 3288 1462 3339 nil
1507 3289 1613 3342 fuit
1658 3307 1901 3359 unquam

415 3373 494 3427 sic
538 3373 697 3442 inpar
739 3372 863 3424 sibi.
951 3390 1096 3425 nunc
1141 3372 1340 3442 aliquis
1387 3372 1535 3425 dicat
1578 3372 1711 3425 mihi
1758 3374 1910 3443 ‘quid
1956 3369 2067 3424 tu?

293 3464 367 3512 20
415 3458 640 3511 nullane
684 3458 856 3509 habes
900 3456 1036 3510 vitia
1053 3458 1097 3509 ’θ’
1133 3457 1300 3510 immo
1344 3457 1451 3510 alia
1496 3465 1551 3510 et
1592 3459 1829 3510 fortasse
1874 3457 2110 3509 minora.

426 3542 683 3598 Maenius
725 3543 1018 3595 absentem
1061 3541 1308 3597 Novium
1352 3559 1474 3595 cum
1520 3553 1785 3612 carperet,
1836 3541 1996 3596 ‘heus
2043 3537 2128 3591 tu'
