2459 3959
219 267 296 315 VI

229 404 530 472 Harlemi
577 407 768 487 1834)
814 405 1018 469 multa
1061 402 1397 471 verissime
1441 404 1868 488 monuissent,
1916 406 2030 471 sed
2074 406 2188 472 hic

236 490 694 577 philosophica
748 514 824 555 ea
891 513 1020 575 qua
1081 490 1491 577 potissimum
1538 490 1669 575 egit
1715 490 1966 556 ratione
2008 492 2186 557 iusto

229 576 490 663 longius
538 576 882 653 seductus,
929 599 1104 641 nunc
1151 578 1388 641 certius
1432 576 1721 641 iudicare
1763 575 1951 654 licet,
1996 590 2186 664 post-

232 685 430 745 quam
475 672 538 727 et
581 662 928 727 Meinelciua
969 663 1188 727 omnia
1229 661 1492 727 Horatii
1536 658 1842 727 Carmina
1899 664 2187 749 strophis

227 759 691 835 quaternorum
725 770 1031 814 versuum
1075 748 1404 833 descripta
1448 770 1591 812 esse
1636 746 1823 827 vid-it,
1870 758 1933 811 et
1968 748 2181 813 Lach—

232 857 502 899 mannus
545 857 675 898 non
725 832 937 899 solum
980 832 1386 899 luculentum
1430 834 1567 899 eius
1624 832 1801 899 modi
1846 835 2185 915 quaestio-

228 942 387 984 num
432 920 499 983 in
547 912 626 985 C.
655 916 775 983 IV.
811 920 850 983 8
894 918 1262 1003 exemplum
1308 918 1667 1005 proposuit,
1716 919 1833 983 sed
1878 919 2070 983 etiam
2114 918 2182 983 in

227 1006 690 1071 commentario
717 1004 1112 1069 Lucretiano
1145 1004 1499 1069 clarissime
1544 1004 1791 1084 docuit,
1838 1025 2035 1087 quam
2082 1026 2184 1069 se-

227 1114 415 1157 veras
462 1090 618 1156 culti
662 1090 802 1154 eius
850 1090 1079 1153 aetatis
1110 1105 1341 1176 poetae
1374 1090 1530 1155 artis
1553 1088 1734 1176 leges
1779 1092 1984 1154 secuti
2034 1090 2189 1169 sint,

229 1191 305 1241 ut
347 1198 524 1241 nunc
567 1174 827 1240 demum
866 1197 1021 1240 vere
1064 1176 1354 1263 intellegi
1400 1174 1631 1262 possit,
1679 1175 1835 1255 quid
1877 1175 1962 1239 sit
2007 1176 2187 1261 quod

231 1286 269 1328 o
315 1286 488 1329 erosa
531 1284 648 1325 sua
692 1262 967 1327 carmina
1011 1272 1075 1325 et
1118 1264 1419 1327 scribendi
1458 1272 1613 1327 recte
1658 1262 1926 1327 laborem
1968 1276 2189 1326 noster

300 1358 424 1411 cat.
469 1346 643 1412 unde
685 1358 864 1428 patet
901 1368 1034 1431 quo
1077 1347 1217 1413 iure
1249 1348 1345 1411 illi
1380 1350 1747 1433 quandoque
1782 1348 2006 1413 bonum
2042 1350 2186 1413 dor-

231 1436 484 1498 mitasse
546 1430 886 1497 Horatium
939 1432 1296 1508 clamitent,
1365 1433 1478 1517 qui
1534 1432 1889 1498 cultissimo
1956 1444 2185 1515 poetae

235 1518 581 1583 durissima
624 1518 906 1604 vestigia
970 1520 1142 1584 ruris
1197 1519 1525 1606 adfingere
1584 1539 1716 1583 non
1768 1516 2187 1582 erubescunt.

235 1604 480 1689 quippe
547 1602 897 1668 etiamnum
972 1606 1185 1669 valere
1258 1605 1553 1670 videmus
1623 1624 1788 1683 quae
1854 1617 2002 1665 ante
2066 1602 2185 1667 hos

237 1686 758 1771 quattuordecim
806 1710 1008 1753 annos
1055 1688 1136 1753 de
1181 1712 1258 1754 ea
1302 1688 1526 1753 iudicii
1557 1686 1929 1753 infirmitate
1960 1687 2186 1754 ΘΗΜ-

233 1798 502 1840 mannus
545 1774 992 1855 pronuntiavit
1038 1774 1587 1859 elegantissimam
1628 1796 1812 1839 suam
1856 1774 1935 1837 de
1977 1774 2188 1859 primo

236 1860 526 1925 carmine
555 1860 815 1925 Horatii
849 1860 1373 1925 dissertationem
1418 1860 1632 1946 (Lips.
1654 1861 1845 1938 1842)
1878 1858 1969 1924 sic
2002 1880 2188 1924 exor-

237 1968 386 2010 sus:
437 1942 787 2011 ‘Credendi
830 1944 1196 2011 uberrimus
1242 1948 1387 2012 fons
1421 1958 1737 2032 perpetua
1777 1945 2024 2011 iteratio
2066 1956 2191 2022 est,

241 2052 366 2096 nec
420 2030 774 2116 quidquam
836 2044 968 2096 tam
1023 2032 1260 2097 falsum
1319 2044 1430 2095 aut
1475 2028 1830 2094 absurdum
1874 2030 2184 2103 invenia8‚

241 2116 425 2201 quod
485 2139 737 2203 semper
797 2129 859 2181 et
919 2115 1159 2200 ubique
1221 2118 1515 2182 auditum
1570 2134 1702 2179 non
1758 2136 1985 2179 verum
2046 2137 2187 2179 esse

238 2202 570 2280 credatur,
637 2201 1018 2286 praesertim
1063 2202 1145 2267 ab
1189 2204 1268 2267 iis
1316 2224 1590 2287 quorum
1634 2212 1881 2265 mentes
1927 2200 2028 2264 vel
2074 2220 2192 2282 per

243 2298 521 2354 aetatem
567 2287 670 2351 vel
751 2308 848 2356 ,er
909 2309 1137 2355 sexum
1182 2289 1283 2353 vel
1330 2311 1446 2373 per
1490 2286 1659 2351 vitae
1704 2308 1907 2372 genus
1951 2285 2033 2349 ad
2078 2307 2194 2348 co-

185 2444 188 2447 ,
241 2373 582 2461 gitandum
648 2372 736 2435 im
788 2372 1016 2438 ecillae
1075 2386 1245 2438 sunt.
1308 2370 1544 2437 accidit
1600 2394 1753 2436 vero
1822 2371 2014 2435 etiam
2078 2370 2190 2435 lit-

245 2458 472 2524 teratis
509 2457 900 2542 hominibus,
947 2470 1020 2524 ut
1064 2481 1139 2523 ea
1181 2458 1420 2544 quibus
1465 2482 1505 2521 a
1546 2457 1780 2543 puerili
1826 2469 2034 2522 aetate
2080 2456 2191 2520 ad-

252 2555 607 2610 sueverunt
653 2546 825 2609 omni
872 2544 1106 2609 erroris
1155 2546 1523 2631 suspicione
1570 2544 1833 2607 exclusa
1875 2566 1993 2627 pro
2023 2544 2195 2609 veris

245 2629 548 2695 habeant.
589 2628 844 2713 insigne
865 2629 1238 2714 exemplum
1262 2628 1577 2715 praebent
1608 2628 1888 2693 carmina
1901 2626 2185 2701 Horatii,

246 2738 414 2801 quae
481 2715 656 2779 omni
711 2732 998 2800 tempore
1054 2716 1341 2780 lectitata
1401 2713 1799 2799 explicamus
1845 2712 2191 2776 laudamus

245 2800 640 2865 admiramur
670 2811 845 2864 tanta
878 2800 1279 2887 credulitate,
1326 2813 1398 2866 ut
1440 2800 1629 2865 etiam
1676 2799 1756 2862 ad
1804 2798 2041 2863 claram
2084 2800 2189 2862 lu-

247 2908 392 2951 cem
436 2885 910 2951 caecutiamus.’
953 2887 1114 2971 quid
1156 2888 1334 2973 quod
1376 2907 1586 2969 nuper
1620 2886 1981 2959 FRitterus,
2025 2904 2195 2967 quae

250 2972 392 3037 eius
439 2970 696 3036 dicendi
739 2972 902 3037 ratio
946 2986 1066 3052 est,
1115 2976 1267 3039 ‘tam
1308 2974 1377 3039 in
1423 2996 1493 3039 se
1537 2981 1745 3036 totum
1790 2992 1931 3035 esse
1974 2966 2191 3033 Hora-

251 3054 434 3121 tium’
513 3053 638 3119 sibi
711 3060 1036 3142 persuasit
1103 3060 1385 3143 (qualem
1454 3058 1715 3144 quidem
1788 3055 1934 3120 libri
2008 3076 2192 3139 prae-

249 3138 491 3220 beant),
511 3146 602 3205 ‘ut
620 3141 1032 3229 interpolanti
1055 3166 1311 3211 omnem
1334 3146 1565 3211 rimam
1586 3138 1946 3207 occluserit'
1962 3138 2193 3221 (praef.

248 3248 314 3313 p.
343 3226 533 3308 XLV).

424 3310 621 3393 Quod
657 3314 919 3397 quidem
951 3314 1044 3380 ita
1067 3338 1293 3381 verum
1339 3314 1478 3390 erit,
1527 3312 1584 3376 si
1628 3310 1919 3375 dicamus
1951 3322 2193 3374 tantam

246 3403 392 3463 e'sse
411 3396 668 3463 Horatii
693 3412 916 3481 artem,
963 3412 1038 3466 ut
1083 3402 1196 3487 qui
1245 3422 1399 3465 suos
1443 3396 1686 3482 ingenii
1728 3396 1915 3461 lusus
1954 3394 2193 3457 admis-

245 3482 522 3561 cuerint,
587 3507 715 3549 non
781 3486 992 3551 solum
1055 3484 1311 3571 singula
1370 3504 1563 3567 saepe
1606 3502 1919 3564 peccasse
1965 3480 2194 3563 depre-
