2459 3959
878 313 1126 368 LIBER.
1180 317 1426 372 10—-13
2010 311 2133 372 127

1098 494 1220 549 XII

313 641 470 707 Quid
513 640 616 696 tibi
658 642 762 708 viS‚
807 641 1004 695 mulier
1043 641 1217 714 nigris
1265 642 1587 714 dignissima
1629 642 1846 696 barris?

403 745 634 780 munera
677 727 814 798 quid
857 727 992 780 mihi
1037 728 1241 798 quidve
1286 729 1520 782 tabellas

317 812 496 866 mittis
542 830 643 866 nec
687 812 844 865 firmo
887 811 1077 866 iuveni
1121 831 1304 885 neque
1348 814 1497 868 naris
1544 813 1787 868 obesae?

401 915 637 968 namque
683 896 932 968 sagacius
976 916 1116 952 unus
1163 901 1384 967 odoror,

213 989 252 1038 5
308 983 554 1054 polypus
600 1001 670 1036 an
713 981 900 1053 gravis
945 983 1172 1042 hirsutis
1218 985 1384 1038 cubet
1428 981 1615 1036 hircus
1658 982 1717 1036 in
1762 981 1882 1049 alis,

402 1087 569 1140 quam
613 1068 762 1123 canis
809 1084 937 1121 acer
980 1069 1075 1122 ubi
1119 1069 1293 1123 lateat
1336 1087 1444 1124 sus.

319 1153 446 1224 quis
491 1155 658 1207 sudor
699 1153 862 1207 vietis
909 1163 966 1207 et
1009 1171 1172 1225 quam
1214 1156 1391 1208 malus
1435 1153 1681 1224 undique
1724 1154 1982 1208 membris

400 1238 598 1293 crescit
644 1240 799 1304 odor,
847 1256 966 1292 curn
1013 1257 1157 1310 pene
1203 1240 1385 1293 soluto

305 1323 639 1379 indomitam
683 1333 947 1396 properat
987 1325 1199 1378 rabiem
1248 1326 1459 1389 sedare,
1508 1340 1689 1394 neque
1734 1323 1817 1376 illi

166 1419 254 1465 10
394 1409 506 1462 iam
550 1417 736 1464 manet
777 1409 964 1462 umida
1010 1418 1161 1463 creta
1205 1410 1466 1480 colorque

308 1501 558 1548 stercore
602 1495 819 1549 fucatus
866 1495 1148 1561 crocodili,
1194 1495 1413 1566 iamque
1458 1493 1709 1547 subando

395 1586 552 1633 tenta
597 1580 799 1634 cubilia
841 1588 1100 1651 tectaque
1146 1580 1382 1650 rumpit3

307 1664 403 1719 vel
446 1682 570 1718 mea
614 1684 736 1720 cum
783 1665 962 1719 saevis
1007 1667 1180 1736 agitat
1225 1665 1448 1719 fastidia
1492 1663 1709 1718 verbis:

399 1747 646 1804 ‘Inachia
688 1751 920 1822 langues
965 1750 1144 1804 minus
1191 1767 1258 1803 ac
1301 1768 1419 1817 me3

175 1843 257 1892 15
310 1835 600 1890 Inachiam
642 1844 731 1890 ter
772 1844 939 1889 nocte
982 1845 1161 1907 potes,
1207 1835 1343 1888 mihi
1389 1851 1605 1906 semper
1648 1835 1718 1887 ad
1766 1853 1932 1888 unum

406 1921 588 1975 mollis
636 1939 793 1993 opus·
838 1930 1032 1992 pereat
1074 1921 1219 1975 male
1267 1937 1408 1991 quae
1451 1928 1509 1974 te

311 2006 518 2062 Lesbia
562 2005 851 2078 quaerenti
895 2013 1112 2060 taurum
1157 2004 1487 2060 monstravit
1530 2007 1782 2071 inertem,

405 2109 528 2145 cum
573 2091 706 2145 mihi
753 2091 896 2146 Cous
943 2093 1164 2146 adesset
1207 2091 1502 2161 Amyntae,

315 2178 472 2234 cuius
517 2176 576 2230 in
620 2176 892 2231 indomito
937 2176 1293 2231 constantior‘
1322 2175 1549 2247 inguine
1596 2193 1798 2230 nervus

183 2272 265 2321 20
405 2281 569 2335 quam
613 2281 758 2316 nova
805 2262 1034 2316 collibus
1081 2264 1247 2316 arbor
1289 2261 1558 2316 inhaeret.

316 2347 620 2404 muricibus
665 2347 850 2418 Tyriis
894 2348 1130 2402 iteratae
1173 2346 1379 2402 vellera
1422 2347 1581 2400 lanae

411 2433 499 2488 cui
542 2433 1030 2505 properabantur?
1075 2433 1179 2487 tibi
1221 2450 1439 2503 nempe,

319 2537 392 2573 ne
433 2520 580 2572 foret
622 2517 868 2591 aequalis
913 2519 1058 2572 inter
1103 2519 1360 2584 conviva,
1405 2517 1579 2590 magis
1626 2535 1790 2590 quem

411 2603 676 2674 diligeret
720 2602 916 2656 mulier
961 2621 1060 2658 sua
1103 2621 1267 2674 quam
1311 2609 1384 2656 te.

188 2696 271 2746 25
323 2707 356 2742 o
403 2707 508 2758 ego
553 2707 665 2744 non
708 2688 860 2754 felix,
909 2707 1072 2759 quam
1116 2697 1178 2741 tu
1223 2688 1365 2758 fugis
1410 2696 1473 2742 ut
1514 2695 1680 2760 pavet
1724 2687 1863 2741 acris

407 2792 550 2845 agna
592 2774 750 2846 lupos
797 2791 1139 2845 capreaeque
1185 2773 1413 2828 leones)

966 2948 1056 2957 —-

1085 3113 1236 3168 XIII

319 3285 564 3340 Horrida
606 3294 907 3358 tempestas
952 3285 1161 3340 caelum
1207 3285 1504 3354 contraxit,
1552 3292 1609 3340 et
1651 3285 1853 3340 imbres

407 3371 677 3444 nivesque
723 3373 1004 3426 deducunt
1045 3371 1265 3438 Iovem3
1312 3388 1458 3425 nunc
1502 3389 1652 3425 mare
1697 3389 1842 3426 nunc
1888 3370 2059 3425 siluae

319 3457 582 3512 Threicio
626 3457 908 3529 Aquilone
953 3463 1180 3511 sonant:
1225 3457 1529 3530 rapiamuS,
1578 3456 1754 3522 amici,

409 3542 755 3598 occasionem
802 3545 871 3598 de
917 3542 1026 3612 die,
1073 3543 1315 3615 dumque
1363 3541 1547 3597 virent
1590 3559 1775 3615 genua
