2459 3959
910 315 1056 371 LIB.
1101 315 1211 373 ΙΙΙ.
1266 313 1423 372 1--’3

243 477 276 524 5
329 469 612 543 vitamque
657 473 759 524 sub
804 471 932 525 divo
976 477 1032 524 et
1073 470 1310 541 trepidis
1356 479 1507 541 agat·

330 556 390 610 in
433 560 614 613 rebus.
658 557 817 610 illum
861 576 932 610 ex
975 557 1265 611 moenibus
1310 557 1541 612 hosticis

420 651 672 697 matrona
713 641 974 696 bellantis
1017 643 1241 712 tyranni

503 727 846 800 prospiciens
893 737 950 782 et
991 728 1182 782 adulta
1224 727 1381 800 virgo

341 875 604 948 suspiret,
651 876 812 942 eheu,
857 891 928 929 ne
971 874 1128 950 rudis
1172 875 1453 946 agminum

207 963 288 1015 10
343 980 575 1034 sponsus
619 962 857 1015 lacessat
898 960 1088 1032 regius
1134 978 1389 1033 asperum

424 1055 576 1101 tactu
619 1047 852 1113 leonem,
899 1064 1064 1116 quem
1110 1054 1339 1101 cruenta

509 1151 612 1205 per
653 1131 866 1186 medias
909 1132 1054 1203 rapit
1097 1133 1183 1186 ira
1226 1135 1444 1188 caedes.

337 1279 496 1333 dulce
541 1287 600 1332 et
644 1279 905 1332 decorum
950 1286 1034 1332 est
1077 1297 1178 1350 pro
1221 1277 1405 1350 patria
1447 1279 1616 1332 mori:

333 1383 481 1419 mors
526 1371 584 1418 et
625 1364 878 1435 fugacem
921 1364 1277 1436 persequitur
1320 1363 1519 1432 virum,

203 1456 286 1506 15
423 1466 530 1504 nec
572 1449 754 1520 parcit
797 1449 1018 1504 inbellis
1063 1451 1325 1504 iuventae

506 1535 810 1607 poplitibus
854 1535 1121 1590 timidove
1165 1545 1343 1608 tergo,

335 1680 512 1735 virtus
556 1682 811 1753 repulsae
854 1681 1039 1737 nescia
1082 1683 1341 1737 sordidae

338 1766 680 1821 intaminatis
723 1767 902 1838 fulget
941 1767 1271 1822 honoribus:

427 1869 531 1906 nec
575 1853 744 1907 sumit
789 1861 884 1907 aut
925 1854 1087 1925 ponit
1132 1853 1339 1908 securis

209 1943 292 1991 20
513 1939 740 1994 arbitrio
784 1939 1068 2011 popularis
1114 1957 1302 1994 aurae.

340 2084 516 2139 virtus
559 2084 852 2139 recludens
895 2084 1166 2139 inmeritis
1211 2085 1353 2140 mori

343 2170 555 2225 caelum
599 2178 801 2241 negata
843 2178 1080 2242 temptat
1124 2172 1230 2225 iter
1273 2171 1382 2238 via,

428 2264 729 2326 coetusque
771 2255 1012 2325 volgaris
1058 2264 1114 2309 et
1159 2258 1325 2309 udam

512 2340 726 2412 spernit
767 2343 992 2395 humum
1037 2339 1287 2414 fugiente
1328 2342 1522 2414 pinna.

217 2495 292 2544 25
346 2497 432 2544 est
475 2496 532 2543 et
577 2489 728 2542 fideli
771 2495 896 2543 tuta
939 2489 1162 2543 silentio

343 2591 588 2630 merces:
633 2576 851 2640 vetab0‚
897 2575 992 2646 qui
1037 2575 1251 2630 Cereris
1298 2593 1512 2629 sacrum

430 2660 671 2731 volgarit
713 2677 962 2726 arcanae,
1010 2663 1111 2714 sub
1155 2661 1331 2714 isdem

433 2777 442 2787 .
523 2745 595 2799 sit
637 2746 888 2800 trabibus
930 2747 1257 2818 fragilemve
1302 2762 1517 2800 mecum

342 2891 520 2946 solvat
561 2892 859 2962 phaselon:
907 2909 1071 2963 saepe
1115 2891 1403 2964 Diespiter

215 2985 291 3033 30
343 2977 626 3048 neglectus
671 2977 885 3032 incesto
930 2978 1142 3033 addidit
1183 2977 1497 3048 integrum3

423 3080 548 3117 raro
593 3065 1011 3118 antecedentem
1057 3064 1351 3120 scelestum

514 3149 766 3203 deseruit
806 3151 949 3222 pede
990 3151 1183 3204 Poena
1227 3150 1445 3206 claudo-

208 3296 300 3350 ΙΙΙ
343 3295 553 3349 iustum
597 3303 653 3349 et
697 3303 948 3349 tenacem
988 3295 1263 3366 propositi
1307 3296 1484 3350 virum

340 3399 450 3435 non
497 3379 699 3435 civium
741 3382 908 3434 ardor
948 3399 1120 3452 prava
1161 3381 1471 3436 iubentium

429 3484 541 3520 non
585 3467 767 3520 voltus
812 3465 1071 3520 instantis
1115 3466 1338 3536 tyranni

519 3560 704 3606 mente
749 3552 928 3626 quatit
973 3551 1174 3620 solida,
1219 3569 1401 3623 neque
1446 3559 1636 3607 auster

2066 311 2154 374 55

2082 3469 2155 3518 35
