2459 3959
802 283 1054 339 LIBER.
1104 288 1259 337 8—-1
1278 283 1312 338 Ο

299 435 358 490 io
405 435 728 509 Triumphe,
773 455 876 492 nec
918 436 1249 510 Iugurthino
1292 453 1481 508 parem

392 521 538 575 bello
580 521 876 594 reportasti
919 525 1133 588 ducem,

163 613 250 659 25
304 625 494 678 neque
539 608 882 676 Africanum,
927 609 1016 662 cui
1058 625 1227 678 super
1273 606 1663 678 Carthaginem

395 692 572 747 virtus
617 693 932 766 sepulcrum
977 692 1245 748 condidit·

303 787 458 832 terra
497 779 748 850 marique
791 778 969 833 victus
1012 778 1187 833 hostis
1229 777 1444 832 Punico

394 862 632 934 lugubre
675 864 912 918 mutabit
953 883 1164 935 sagum.

299 955 400 1001 aut
439 949 534 1004 ille
579 958 799 1004 centum
841 949 1084 1004 nobilem
1129 949 1353 1004 Cretam
1394 948 1623 1004 urbibus

163 1034 256 1086 30
390 1034 568 1089 ventis
611 1034 788 1089 iturus
833 1052 944 1088 non
987 1033 1121 1100 suis,

303 1119 634 1174 exercitatas
679 1129 772 1174 aut
815 1118 960 1190 petit
1001 1118 1178 1189 Syrtis
1221 1127 1376 1184 note,

393 1213 490 1258 aut
531 1207 706 1260 fertur
749 1204 957 1258 incerto
1001 1202 1162 1258 mari.

305 1290 622 1360 capaciores
667 1291 823 1344 adfer
865 1290 993 1356 huc,
1041 1307 1200 1360 puer,
1245 1289 1478 1359 scyphos

392 1384 450 1428 et
494 1375 632 1432 Chia
673 1375 806 1428 vina
845 1382 940 1428 aut
983 1373 1203 1440 Lesbia,

175 1457 259 1513 35
313 1456 453 1525 [vel‚
499 1461 652 1531 quod
694 1462 956 1515 fluentem
1001 1477 1261 1513 nauseam
1304 1466 1573 1526 coereeat,

393 1546 589 1600 metire
633 1545 792 1600 nobis
839 1541 1198 1610 Caecubum]

306 1647 496 1685 curam
537 1640 854 1702 metumque
899 1628 1145 1684 Caesaris
1187 1646 1375 1684 rerum
1418 1628 1567 1682 iuvat

391 1715 540 1770 dulci
582 1716 768 1787 Lyaeo
813 1715 1046 1768 solvere.

1115 1927 1176 1982 X

303 2057 460 2113 Mala
503 2057 684 2112 soluta
727 2057 883 2111 navis
927 2056 1048 2111 exit
1090 2056 1222 2110 alite

390 2143 574 2196 ferens
617 2143 858 2196 olentem
902 2142 1198 2196 Maevium.

303 2236 366 2282 ut
408 2227 647 2282 horridis
689 2236 985 2299 utrumque
1030 2228 1286 2282 verberes
1328 2226 1492 2294 lutus,

390 2321 592 2378 auster,
639 2321 912 2368 memento
955 2313 1247 2379 fiuctibus3

217 2407 250 2455 5
303 2397 464 2470 niger
506 2399 757 2453 rudentis
801 2398 984 2453 Eurus
1028 2398 1250 2453 inverso
1292 2396 1433 2451 mari

385 2483 702 2555 fractosque
745 2501 926 2536 remos
971 2483 1220 2549 differat3

298 2569 554 2639 insurgat
595 2568 800 2640 aqui10,
847 2577 1084 2640 quantus
1129 2568 1255 2622 altis
1297 2567 1577 2622 montibus

381 2654 604 2725 frangit,
631 2653 918 2709 trementis
965 2653 1146 2722 ilices;

301 2757 408 2795 nec
452 2738 602 2792 sidus
647 2748 766 2793 atra
808 2747 971 2793 nocte
1015 2738 1249 2794 amicum
1292 2737 1576 2808 adpareat,

177 2829 252 2881 10
387 2843 496 2897 qua
537 2823 712 2879 tristis
757 2823 932 2878 Orion
978 2824 1140 2891 cadit,

295 2908 573 2984 quietiore
618 2927 717 2962 nec
759 2909 970 2964 feratur
1013 2927 1253 2981 aequore

381 3012 544 3068 quam
591 2993 758 3049 Graia
799 2995 1070 3050 victorum
1114 3012 1326 3060 manus,

291 3099 417 3135 cum
459 3079 643 3134 Pallas
688 3087 814 3134 usta
855 3080 1024 3134 vertit
1066 3079 1202 3134 iram
1249 3083 1318 3132 ab
1362 3078 1471 3134 Ilio

374 3165 432 3220 in
476 3164 684 3236 inpiam
727 3165 917 3220 Aiacis
960 3173 1155 3220 ratem.

171 3258 240 3308 1⁵
289 3269 322 3306 o
370 3258 608 3324 quantus
652 3250 825 3305 instat
867 3250 1067 3306 navitis
1113 3250 1281 3305 sudor
1324 3247 1435 3302 tuis

374 3336 590 3407 tibique
632 3335 812 3408 pallor
854 3335 1057 3404 latensi,

288 3429 348 3477 et
388 3421 490 3475 illa
533 3438 644 3474 non
686 3420 860 3475 virilis
905 3419 1147 3490 eiulatiO,

374 3523 570 3580 preces
615 3513 673 3560 et
714 3523 970 3560 aversum
1012 3508 1081 3560 ad
1127 3506 1335 3572 Iovem,

1996 275 2119 340 125
