2459 3959
1164 210 1185 239 ἱ

336 308 474 380 ²⁸0
818 316 1374 375 EPISTVLARVM
1417 318 1566 374 ma.
1609 318 1656 373 1.
1707 326 1780 375 20

1263 473 1382 527 xx

468 623 845 675 Vertumnum
888 618 1219 691 Ianumque,
1264 618 1430 687 liber,
1479 628 1732 693 spectare
1776 620 2010 687 viderie,

471 707 682 761 scilicet
726 713 788 758 ut
831 714 1047 775 prostes
1096 704 1384 759 Sosiorum
1425 704 1646 778 pumice
1689 709 1949 763 mundus.

472 791 641 847 odisti
684 789 856 844 clavis
900 798 959 844 et
1000 798 1163 861 grata
1206 789 1392 862 sigilla
1434 791 1660 863 pudico,

472 875 663 950 paucis
711 875 928 930 ostendi
974 876 1151 946 gemis
1194 884 1254 929 ct
1296 877 1610 933 communia
1653 877 1862 943 laudas,

390 972 422 1020 5
472 981 587 1018 non
628 961 709 1015 ita
750 961 1016 1016 nutritus.
1060 961 1191 1031 suge
1235 979 1348 1033 quo
1393 962 1732 1017 descendere
1775 963 1970 1037 gestis.

468 1066 583 1103 non
628 1045 737 1100 erit
780 1045 982 1101 emisso
1024 1046 1238 1101 reditus
1280 1045 1402 1102 tibi.
1449 1045 1604 1120 ‘quid
1645 1047 1813 1103 miser
1855 1047 1984 1120 egi?

472 1133 609 1206 quid
653 1132 804 1187 volui
821 1131 865 1184 Y
912 1131 1084 1199 dices,
1131 1130 1225 1187 ubi
1271 1131 1408 1204 quid
1451 1140 1510 1189 te
1552 1132 1814 1202 laeserim
1860 1145 1918 1188 et
1959 1133 2080 1187 scis.

470 1221 531 1274 in
575 1220 746 1273 breve
787 1226 847 1273 te
890 1216 1033 1288 cogi,
1079 1234 1203 1272 cum
1246 1218 1446 1290 plenus
1490 1218 1722 1289 languet
1764 1230 1989 1273 amator.

474 1306 625 1377 quod
670 1302 718 1357 si
760 1320 875 1357 non
920 1302 1049 1357 odio
1093 1303 1378 1374 peccantis
1423 1302 1629 1375 desipit
1669 1322 1863 1376 augur,

354 1398 429 1447 10
474 1408 634 1445 carus
678 1390 787 1443 eris
831 1389 1064 1455 Romae,
1110 1387 1290 1444 donec
1331 1397 1389 1445 te
1434 1390 1656 1445 deserat
1698 1398 1880 1445 aetas:

473 1482 850 1530 contrectatus
894 1474 989 1530 ubi
1034 1472 1288 1527 manibus
1333 1475 1654 1529 sordescere
1697 1475 1848 1547 volgi

478 1559 755 1633 coeperis,
800 1566 900 1613 aut
942 1558 1120 1613 tineas
1164 1576 1362 1631 pasces
1405 1558 1717 1615 taciturnus
1759 1560 1954 1615 inertis

474 1654 570 1700 aut
612 1644 793 1717 fugies
836 1644 1060 1699 Vticam
1102 1651 1201 1699 aut
1241 1644 1458 1700 vinetus
1502 1644 1738 1701 mitteris
1783 1646 2043 1701 Ilerdam.

476 1730 684 1786 ridebit
725 1728 967 1785 monitor
1008 1747 1121 1783 non
1168 1729 1484 1797 exauditus,
1530 1738 1592 1783 ut
1635 1730 1732 1785 ille

356 1824 427 1872 15
478 1817 575 1889 qui
618 1814 762 1870 male
804 1822 1093 1887 parentem
1136 1813 1193 1869 in
1239 1814 1394 1886 rupis
1437 1815 1709 1886 protrusit
1751 1817 1979 1871 asellum

478 1902 689 1957 iratus:
738 1901 863 1973 quis
910 1900 1057 1954 enim
1099 1898 1339 1955 invitum
1383 1918 1604 1955 servare
1647 1901 1902 1957 laboret?>

478 1990 585 2042 hoc
629 2003 851 2059 quoque
892 1992 949 2039 te
992 1994 1200 2052 manet,
1247 1992 1310 2041 ut
1352 2003 1556 2057 pueros
1601 1986 1876 2043 elementa
1919 1990 2218 2043 docentem

480 2081 713 2145 occupet
756 2070 1020 2127 extremis
1066 2070 1125 2125 in
1165 2070 1306 2125 vicis
1351 2070 1517 2125 balba
1561 2081 1834 2127 senectus.
2139 2062 2145 2066 ¹

484 2177 607 2213 cum
649 2157 755 2213 tibi
798 2157 880 2212 sol
924 2156 1145 2228 tepidus
1186 2155 1364 2227 pluris
1408 2156 1719 2212 admoverit
1761 2158 1929 2225 auris,

356 2248 429 2296 20
480 2263 567 2299 me
610 2241 871 2299 libertino
915 2251 1105 2295 natum
1149 2249 1329 2314 patre,
1373 2250 1434 2296 et
1472 2240 1530 2296 in
1574 2242 1730 2297 tenui
1773 2262 1852 2313 re,

483 2329 715 2384 maiores
760 2328 959 2400 pinnas
1002 2327 1135 2383 nido
1181 2327 1506 2383 extendisse
1550 2327 1809 2400 loqueris,

482 2424 543 2468 ut
586 2422 854 2485 quantum
897 2411 1092 2484 generi
1136 2414 1343 2479 demas,
1389 2412 1688 2469 virtutibus
1731 2416 1932 2482 addam

483 2518 571 2554 me
615 2499 807 2572 primis
854 2498 1005 2553 urbis
1050 2498 1183 2553 belli
1227 2498 1506 2571 placuisse
1551 2498 1838 2571 domique3

482 2586 729 2658 corporis
776 2582 983 2655 exigui,
1030 2601 1383 2655 praecanam,
1429 2583 1638 2637 solibus
1683 2595 1889 2657 aptum,

356 2678 431 2725 25
482 2671 647 2725 irasci
692 2672 949 2736 celerem,
993 2676 1177 2723 tamen
1224 2676 1290 2722 ut
1329 2667 1616 2740 placabilis
1661 2687 1857 2725 essem.

485 2759 633 2811 forte
675 2773 859 2811 meum
904 2753 1079 2825 siquis
1120 2761 1178 2809 te
1222 2752 1642 2826 percontabitur
1683 2772 1898 2822 aevum,

482 2860 572 2897 me
618 2850 816 2913 quater
858 2841 1111 2894 undenos
1156 2839 1302 2893 sciat
1343 2838 1643 2911 inplevisse
1687 2840 1998 2895 decembris

484 2928 772 2999 conlegam
817 2925 1093 2997 Lepidum
1138 2942 1248 2997 quo
1293 2924 1434 2979 dixit
1475 2924 1690 2980 Lollius
1735 2944 1899 2981 anno,
