2459 3959
2066 289 2199 338 xllx

240 428 322 493 E.
363 431 464 492 17.
496 428 601 492 39.
637 453 862 514 aynam
904 442 967 492 et
1012 430 1271 496 haedum
1314 430 1443 517 Ply
1472 430 1502 513 Η
1534 432 1617 495 16
1660 428 1740 495 de
1783 451 1884 493 vv.
1914 442 2195 513 corrupt.

225 514 498 601 fabulae
537 538 748 581 manes
793 515 871 579 cf.
913 514 989 578 P.
1035 552 1116 563 -
1163 512 1445 581 CARM.
1481 514 1597 581 VI.
1645 517 1682 579 7
1727 516 1969 583 reducis
1999 512 2081 579 B.
2130 530 2198 579 at

243 600 327 666 ef.
358 597 456 663 M.
493 600 695 683 praef.
742 622 804 685 p.
839 620 891 664 x
921 601 947 683 ΙΙ
978 623 1066 665 vv
1089 602 1341 667 13—16
1371 602 1701 668 eiecerunt
1720 598 1875 674 PM,
1920 620 2201 683 quorum

239 686 360 751 hie
405 684 680 749 ‘canoris
702 688 922 772 nugis’
965 688 1056 750 ait
1104 688 1237 771 ‘qui
1259 688 1663 753 delectantur
1694 685 2026 751 habebunt
2068 706 2201 767 qua

243 772 542 835 animum
609 771 935 836 oblectent
993 773 1323 857 stropham
1389 773 1585 838 huius
1647 772 1947 837 carminis
2002 792 2200 853 quar-

247 858 409 921 tam’
454 856 482 939 ss
532 860 614 923 18
657 858 886 922 strictis
927 855 1078 921 ΒΜ.
1122 860 1297 923 sectis
1338 857 1511 925 libri.
1564 894 1651 905 —
1717 854 2001 923 CARM.
2046 854 2205 921 VII.

247 942 568 1007 dissecari
611 964 741 1006 non
786 965 980 1028 posse
1024 944 1087 1005 in
1137 945 1266 1007 duo
1300 946 1587 1007 earmina
1608 943 1858 1008 monuit
1878 941 1973 1005 M.
1991 942 2201 1025 praef.

249 1028 453 1114 praef.
514 1046 580 1109 p.
626 1046 704 1091 V1
749 1034 995 1105 (contra
1040 1027 1457 1094 Doederlein.
1515 1027 1879 1095 Scherflein
1921 1052 1980 1095 z.
2025 1026 2201 1091 Ver-

249 1114 586 1178 standniss
631 1114 691 1176 d.
736 1113 901 1179 Hor.
944 1111 1211 1199 Erlang.
1248 1116 1433 1180 1853.
1461 1135 1529 1196 p.
1561 1118 1646 1187 4).
1693 1126 1981 1179 ceterum
2025 1112 2203 1177 haud

253 1200 394 1263 seio
428 1222 511 1261 an
543 1221 768 1263 verum
799 1199 1034 1263 viderit
1059 1198 1548 1265 GHermannus
1595 1201 1701 1281 (de
1744 1200 1955 1284 primo
2000 1218 2203 1263 carm.

249 1284 420 1350 Hor.
487 1332 503 1347 .
529 1285 724 1358 7—9)
769 1284 906 1367 qui,
949 1286 1471 1369 quandoquidem
1516 1308 1691 1351 nune
1738 1295 1973 1368 ‘neque
1995 1306 2201 1349 unum

253 1392 380 1435 nec
469 1391 555 1433 uo
598 1370 903 1435 earmina'
945 1370 1327 1452 habeamus,
1376 1371 1719 1435 ‘excidisse
1764 1369 2013 1451 aliquid
2059 1384 2206 1454 post

251 1480 317 1521 v.
367 1455 467 1521 14’
525 1456 916 1538 suspicatur,
989 1456 1189 1540 ‘quod
1242 1455 1672 1554 posteriorem
1731 1468 1981 1541 partem
2048 1476 2200 1517 eum

253 1542 475 1627 priore
533 1554 682 1625 apte
740 1539 1182 1623 copulaverit?
1238 1541 1411 1605 idem
1457 1561 1561 1605 vv.
1608 1544 1774 1605 6—7
1827 1553 1977 1625 post
2020 1538 2207 1603 Perl-

254 1646 564 1777 parnpum
600 1624 682 1689 ab
711 1624 990 1773 Horatito
1035 1624 1451 1777 αὔξὲιᾱίοανίῐ,
1498 1636 1796 1691 restituta
1826 1649 1885 1770 ἶ
1910 1628 1969 1727 5.
1993 1623 2202 1774 {etint-

282 1736 365 1778 en
424 1734 549 1775 sen
599 1728 746 1775 tura
811 1735 930 1775 sun
1066 1736 1132 1776 uz
1171 1737 1247 1775 us
1319 1736 1513 1777 unum
1582 1737 1617 1777 o
1791 1736 1878 1778 es.
1942 1735 2011 1774 m
2078 1735 2110 1775 ο
2134 1734 2208 1773 ae

257 1735 596 1863 Palladisp
609 1819 800 1864 arces.
848 1798 961 1860 sed
1022 1735 1164 1861 ἕω(
1207 1797 1371 1863 haec
1413 1737 1783 1873 habenlt'joev.
1832 1799 1871 1861 7
1917 1818 2057 1881 pre.
2078 1796 2202 1859 un-

260 1886 464 1968 dique,
534 1881 712 1967 quod
766 1882 1056 1969 intellegi
1099 1885 1362 1963 nequit,
1409 1904 1562 1949 eum
1606 1882 1970 1949 Schradero
2014 1901 2207 1964 repo-

258 1967 548 2033 nendum
605 1983 705 2031 est
763 1989 844 2031 ex
895 1969 1096 2033 schol.
1144 1965 1342 2051 Cruq.
1387 1971 1661 2055 indeque.
1707 1969 1788 2032 ef.
1836 1965 2045 2033 Orell.
2092 1988 2209 2030 ex-

262 2077 437 2118 curs.
466 2054 494 2135 ΙΙ
526 2056 566 2119 8
677 2057 916 2117 avimus
957 2056 1024 2117 in
1065 2056 1327 2118 Iunonis
1385 2055 1613 2120 honore
1657 2050 2085 2136 Oudendorp.
2130 2050 2208 2118 P.

264 2136 561 2205 GHerm.
588 2078 685 2204 M.
707 2139 997 2205 honorem
1024 2138 1198 2217 libri,
1246 2140 1420 2222 quod
1442 2162 1654 2224 nuper
1681 2160 1853 2203 nova
1883 2138 1996 2203 sed
2040 2136 2207 2200 mira

260 2224 514 2289 ratione
561 2224 848 2288 defendit
892 2224 1184 2289 Ritterus
1236 2226 1260 2304 ΙΙ
1304 2230 1343 2289 9
1388 2228 1537 2291 dicit
1578 2237 1729 2290 ante
1774 2223 1833 2287 B
1882 2225 1909 2308 ΙΙ
1955 2224 2202 2287 10-11

259 2333 454 2395 neque
484 2344 571 2357 --
595 2334 705 2374 neo
739 2308 798 2373 B
843 2311 924 2373 ad
970 2307 1093 2374 III.
1124 2312 1324 2375 11.43
1358 2310 1383 2393 ΙΙ
1417 2314 1496 2376 19
1540 2309 1992 2395 imperativum
2038 2308 2213 2373 molti

260 2393 646 2565 {5³53}ss
648 2417 689 2491 ·⁰
691 2394 1333 2565 {{{{¹·.<..{32533³.⁶³30
1340 2399 1521 2563 {122⁶ss
1548 2408 2214 2567 2q7⁰222332¹²33150553

263 2589 350 2631 ex
408 2566 771 2630 certissima
832 2564 1113 2630 Bentleii
1185 2567 1633 2631 emendatione
1696 2566 1795 2631 M.
1857 2566 1939 2631 ef.
2007 2560 2216 2627 schol.

266 2648 476 2733 Cruq.
522 2654 769 2736 auspice
819 2654 1043 2717 Teucro
1087 2648 1261 2725 libri,
1327 2653 1505 2736 quod
1550 2653 1643 2723 eis
1688 2650 2050 2720 rationibus
2097 2646 2213 2711 de-

263 2736 476 2802 fendit.
522 2733 814 2801 Orellius
875 2758 1036 2817 quas
1080 2738 1164 2801 ad
1207 2734 1325 2801 IV.
1373 2740 1475 2803 14.
1521 2740 1604 2803 33
1645 2738 1787 2823 ipse
1832 2734 2082 2800 refellit.
2126 2766 2214 2779 -

269 2820 553 2887 CARM.
586 2818 800 2921 ,VHL
861 2827 1027 2887 6-7
1089 2847 1118 2887 e
1161 2825 1310 2885 uitet
1368 2839 1432 2887 et
1487 2834 1768 2907 temperet
1819 2834 1967 2921 ante
2032 2818 2089 2883 B
2147 2830 2215 2881 et

267 2905 1467 3078 22351231135532131811³AEbffi
1495 2901 2219 3077 .⁸..{¹1im²?;‚‘z²z?;·3};ss.3{³

267 3079 454 3143 eiecit
487 3078 584 3143 M.
615 3080 644 3159 ΙΙ
682 3080 759 3143 14
799 3104 934 3145 sors
967 3078 1104 3143 Fea
1145 3076 1217 3141 H
1246 3079 1276 3161 ΙΙ
1307 3082 1387 3145 16
1431 3092 1582 3164 post
1614 3079 1861 3145 choreas
1904 3076 2217 3141 maiorem

269 3164 849 3249 interpunctionem
907 3166 1122 3249 posuit
1162 3161 1261 3240 Β,
1322 3179 1395 3228 ut
1438 3186 1537 3229 vv.
1584 3166 2073 3229 donec-morosa
2129 3158 2217 3221 ad

273 3250 610 3332 sequentia
651 3250 1050 3315 referantur:
1097 3272 1249 3313 nam
1292 3264 1657 3334 postremae
1701 3251 1868 3315 duae
1915 3244 2218 3328 strophae

271 3358 391 3419 per
457 3334 819 3399 ehiasmum
877 3337 1214 3421 oppositae
1274 3349 1425 3398 sunt
1484 3332 1784 3401 versibus
1834 3335 1934 3401 15.
1986 3330 2084 3397 16.
2130 3362 2218 3375 --

275 3418 562 3485 CARM.
604 3418 699 3483 X.
750 3420 782 3487 1
828 3421 1144 3497 Mercuri,
1194 3422 1474 3503 facunde
1524 3444 1713 3505 nepos
1767 3442 1874 3505 vg.
1930 3431 2080 3501 post
2136 3412 2221 3478 Β.

278 3507 555 3570 Mercuri
581 3508 858 3592 jucunde
875 3555 893 3582 ,
954 3531 1136 3591 nepos
1179 3504 1377 3589 Cruq.
1422 3504 1495 3567 P.
1538 3506 1813 3570 fortasse
1874 3515 2011 3566 tota.
2053 3500 2221 3565 haee
