2459 3959
994 253 1431 311 BIBERlLa
2001 250 2192 327 ,m

235 416 357 467 160
404 411 693 483 quaedam,
740 407 789 463 si
832 407 1011 463 credis
1059 407 1348 475 consult—is,
1391 406 1674 479 mancipat
1695 427 1880 479 .usus;

412 496 511 569 qui
554 504 613 551 te
654 493 836 569 pascit
878 512 1029 565 ager,
1076 501 1209 549 tuus
1252 501 1358 561 est,
1403 504 1462 554 et
1504 493 1704 563 vilicus¹
1749 494 1949 563 orbi,-

309 612 327 621 -
408 599 534 637 oum
578 586 797 658 segetes
844 587 1001 638 occat
1041 577 1147 635 tibi
1188 597 1322 635 mox
1363 579 1642 651 frumenta
1683 581 1928 648 daturas,

407 675 465 721 te
510 666 795 729 dominum
840 663 1029 729 sentit.
1076 666 1173 719 das
1218 682 1492 733 nummos,
1535 663 1742 737 accipis
1781 683 1968 735 uvam,

408 752 591 833 pullos
635 768 759 819 ova,
803 752 1001 811 cadum
1043 748 1256 806 temeti.
1303 768 1503 823 nempe
1545 753 1710 813 modo
1754 750 1864 809 isto

246 843 276 891 1
292 842 367 893 65
418 837 710 909 paullatim
752 834 1011 912 mercaris
1056 852 1270 907 agrum,
1315 835 1552 893 fortasse
1595 836 1864 901 trecentis

410 929 509 977 aut
550 922 717 982 etiam
760 938 929 992 supra
970 938 1320 975 nummorum
1362 919 1586 975 milibus
1631 930 1903 994 emptum.

320 998 327 1008 ’
406 1006 543 1079 quid
585 1008 775 1075 refert,
819 1006 975 1061 vivas
1020 1013 1310 1063 numerato
1355 1024 1534 1079 nuper
1575 1024 1648 1067 an
1692 1007 1867 1065 olim?
1939 1049 1943 1055 .

414 1100 633 1165 emptor
675 1091 889 1147 Aricini
935 1093 1213 1163 quondam
1258 1091 1518 1149 Veientis
1561 1100 1620 1147 et
1661 1092 1783 1158 arvi

413 1186 659 1251 emptum
704 1184 867 1233 cenat
912 1177 1055 1245 olus,
1102 1175 1354 1249 quamvis
1399 1176 1564 1231 aliter
1604 1185 1794 1249 putat3
1841 1180 2043 1252 emptis

244 1268 363 1319 170
412 1264 517 1318 sub
560 1270 781 1317 noctem
822 1262 1068 1338 gelidam
1110 1261 1278 1333 lignis
1321 1262 1616 1317 calefactat
1659 1281 1886 1320 aenum:

410 1350 511 1403 sed
553 1356 717 1403 vocat
759 1366 936 1421 usque
980 1365 1157 1411 suum,
1207 1365 1320 1419 qua
1361 1347 1600 1419 populus
1641 1348 1824 1416 adsita
1867 1348 2034 1415 certis

409 1432 680 1489 limitibus
725 1432 909 1488 vicina
950 1432 1153 1505 refugit
1196 1430 1410 1505 iurgia;
1453 1440 1720 1505 tanquam

416 1518 488 1573 sit
532 1517 822 1591 proprium
864 1517 1181 1590 quicquam,
1223 1524 1432 1590 puncto
1475 1520 1626 1590 quod
1669 1519 1890 1575 mobilis
1931 1522 2103 1589 horne

408 1622 563 1665 nunc
586 1622 751 1677 prece
780 1620 927 1659 nunc
956 1601 1152 1675 preti0‚
1198 1620 1346 1660 nunc
1375 1603 1433 1657 vi
1475 1621 1623 1657 nunc
1665 1612 1842 1661 morte
1885 1623 2143 1679 suprema

254 1694 364 1743 1⁷5
411 1696 693 1761 permutet
736 1688 987 1745 dominos
1030 1695 1090 1743 et
1132 1690 1295 1767 cedat
1333 1687 1394 1743 in
1438 1688 1614 1743 altera
1655 1688 1800 1745 iura,

408 1774 490 1829 sic
534 1774 664 1849 quia
705 1782 1008 1847 perpetuus
1054 1772 1192 1827 nulli
1237 1775 1400 1829 datur
1443 1792 1574 1829 unus
1619 1782 1676 1829 et
1719 1776 1882 1841 heres

408 1849 671 1918 heredem
713 1859 941 1915 alterius
985 1859 1139 1913 velut
1182 1861 1335 1913 unda
1377 1859 1704 1933 supervenit
1745 1860 1970 1928 undam,

414 1934 551 2017 quid
593 1944 703 2001 vici
744 1952 981 2019 prosunt
1023 1951 1121 1999 aut
1163 1944 1407 1999 horrea?
1453 1944 1662 2017 quidve
1709 1946 1962 2012 Calabris

412 2030 654 2088 saltibus.
694 2030 898 2087 adiecti
942 2028 1171 2097 Lucani,
1218 2029 1266 2085 si
1310 2030 1468 2085 metit
1513 2030 1696 2088 Orcus

262 2121 379 2171 180
424 2102 661 2187 'grandia
706 2134 831 2171 cum
872 2114 1077 2187 parvis,
1120 2132 1235 2169 non
1281 2115 1578 2171 exorabilis
1623 2134 1760 2171 auro
1777 2116 1806 2171 Ρ

415 2218 661 2271 gemmas
703 2219 944 2257 marmor
986 2201 1141 2268 ebur,
1188 2201 1480 2273 Tyrrhena
1523 2200 1712 2273 sigilla
1754 2202 2002 2271 tabellas,

417 2294 729 2362 argentum,
773 2286 943 2342 vestis
991 2284 1231 2342 Gaetulo
1275 2285 1485 2341 murice
1528 2286 1730 2344 tinctas

422 2379 552 2429 sunt
595 2370 691 2443 qui
736 2391 847 2427 non
888 2372 1151 2439 habeant,
1198 2379 1284 2427 est
1331 2370 1429 2443 qui
1471 2389 1583 2427 non
1629 2379 1788 2430 curat
1827 2372 2094 2443 habere-3

421 2473 521 2511 cur
563 2458 709 2515 alter
749 2458 984 2513 fratrum
1028 2474 1243 2511 cessare
1289 2464 1346 2511 et
1390 2457 1586 2512 ludere
1631 2465 1690 2512 et
1732 2458 1908 2530 ungui

254 2546 280 2594 1
296 2546 371 2596 85
416 2541 698 2613 praeferat
736 2541 981 2597 Herodis
1024 2541 1283 2614 palmetis
1327 2539 1646 2615 pinguibus,
1692 2543 1836 2600 alter

417 2627 571 2683 dives
616 2635 673 2682 et
714 2628 1047 2701 inportunus
1094 2629 1166 2682 ad
1209 2628 1458 2682 umbram
1501 2628 1641 2683 lucis
1687 2630 1757 2683 ab
1802 2636 1934 2685 ortu

416 2702 727 2771 silvestrem
770 2712 1007 2787 fiammis
1054 2719 1113 2765 et
1152 2712 1302 2768 ferro
1344 2712 1570 2785 mitiget
1611 2732 1826 2785 agrum,

424 2797 529 2853 scit
572 2798 803 2867 Genius,
848 2798 1035 2855 natale
1080 2815 1264 2853 comes
1309 2797 1406 2870 qui
1449 2806 1725 2871 temperat
1767 2806 1994 2867 astrum,
2191 2795 2201 2874 ‘j

419 2891 649 2939 naturae
693 2886 828 2939 deus
874 2886 1166 2951 humanae,
1213 2883 1462 2939 mortalis
1507 2883 1569 2939 in
1613 2902 1788 2939 unum

258 2972 375 3022 190
423 2971 685 3042 quodque
730 2977 914 3043 caput,
957 2969 1113 3023 voltu
1156 2968 1460 3037 mutabilis,
1506 2969 1664 3023 albus
1712 2977 1770 3025 et
1812 2974 1952 3027 ater.

425 3061 553 3108 utar
597 3061 657 3109 et
699 3072 771 3109 ex
814 3054 1033 3111 modico
1079 3061 1348 3126 quantum
1389 3072 1478 3109 res
1522 3061 1714 3127 poscet
1755 3071 1956 3109 acervo

421 3138 634 3209 tollam,
678 3157 787 3195 nec
829 3147 1072 3195 metuam
1116 3138 1252 3213 quid
1296 3140 1367 3193 de
1409 3157 1497 3193 me
1541 3139 1752 3194 iudicet
1793 3140 1974 3207 beree,
2037 3164 2044 3179 ·

425 3226 575 3295 quod
618 3244 731 3280 non
774 3226 935 3300 plura
978 3224 1123 3281 datis
1170 3224 1476 3287 invenerit:
1525 3232 1582 3279 et
1625 3231 1812 3279 tamen
1853 3224 2003 3281 idem
2081 3254 2095 3293 χ

430 3309 575 3364 scire
617 3312 817 3377 volam,
866 3318 1133 3383 quantum
1176 3310 1414 3383 simplex
1455 3309 1759 3383 hilarisque
1802 3310 1998 3383 nepoti

269 3397 383 3449 195
433 3393 709 3468 discrepet
753 3404 811 3451 et
854 3403 1125 3469 quantum
1167 3396 1448 3452 discordet
1489 3414 1690 3469 parcus
1733 3414 1922 3455 avaro·

428 3478 597 3536 distat
638 3481 805 3551 enim,
852 3470 1081 3555 spargas
1125 3488 1225 3539 tua
1266 3481 1538 3555 prodigus
1584 3500 1654 3537 an
1697 3498 1880 3554 neque
1923 3489 2207 3557 sumptum

1671 3559 1798 3623 16*
