2459 3959
895 327 1130 384 LIBER
1171 328 1219 383 1.
1292 335 1451 384 6--7
2055 321 2183 386 159

393 485 648 541 omnibus
695 491 752 538 et
793 481 958 555 lippis
1001 491 1196 538 notum
1240 488 1297 536 et
1340 484 1657 540 tonsoribus
1703 502 1845 542 esse.

393 571 620 627 Persius
663 568 756 625 hic
797 585 1104 639 permagna
1146 567 1374 639 negotia
1418 569 1575 626 dives
1620 571 1861 626 habebat

305 667 343 716 5
395 655 760 723 Clazomenis,
807 653 972 708 etiam
1014 653 1142 709 lites
1187 671 1313 708 cum
1356 653 1511 728 Rege
1554 657 1833 726 molestas,

393 745 564 796 durus
608 742 772 797 homo
817 747 984 810 atque
1029 739 1158 795 odio
1202 737 1301 811 qui
1342 749 1536 810 posset
1580 742 1802 797 vincere
1846 741 2074 814 Regem,

395 827 678 881 confidens
723 822 1098 898 tumidusque,
1143 826 1282 878 adeo
1329 825 1599 882 sermonis
1644 826 1842 896 amari,

390 912 677 979 Sisennas,
721 911 926 966 Barros
970 919 1037 964 ut
1077 909 1237 982 equis
1282 919 1665 980 praecurreret
1711 911 1873 968 albis.

390 999 462 1052 ad
503 997 720 1068 Regem
763 995 956 1050 redeo.
1000 1005 1297 1068 postquam
1341 995 1483 1049 nihil
1526 997 1673 1051 inter
1715 1003 2013 1068 utrumque

264 1087 345 1140 10
393 1081 658 1138 convenit
699 1107 782 1118 --
825 1080 932 1134 hoc
976 1080 1182 1135 etenim
1229 1089 1359 1134 sunt
1403 1099 1594 1136 omnes
1638 1081 1759 1137 iure
1803 1081 2043 1149 molesti,

393 1186 505 1240 quo
548 1167 737 1233 fortes,
783 1164 984 1236 quibus
1029 1167 1326 1220 adversum
1367 1165 1580 1220 bellum
1624 1166 1843 1224 incidit.
1890 1169 2037 1223 inter

391 1253 640 1308 Hectora
682 1249 1001 1305 Priamiden
1046 1251 1356 1305 animosum
1400 1258 1569 1323 atque
1614 1252 1763 1307 inter
1803 1253 2085 1309 Achillem

392 1338 479 1392 ira
520 1337 626 1392 fuit
671 1335 938 1408 capitalis,
984 1343 1047 1390 ut
1089 1335 1289 1390 ultima
1333 1335 1611 1390 divideret
1654 1355 1822 1409 mora,

394 1441 507 1478 non
551 1421 716 1476 aliam
761 1421 832 1474 ob
877 1439 1126 1476 caussam
1169 1419 1279 1474 nisi
1324 1423 1473 1494 quod
1516 1421 1697 1476 virtus
1742 1422 1800 1477 in
1845 1431 2085 1496 utroque

268 1517 344 1566 15
394 1525 605 1563 summa
647 1505 786 1561 fuit:
835 1507 944 1561 duo
991 1506 1039 1560 si
1083 1505 1361 1560 discordia
1402 1515 1569 1560 vexet
1613 1505 1830 1577 inertis,

394 1601 491 1648 aut
535 1591 582 1647 si
625 1590 937 1663 disparibus
980 1591 1193 1646 bellum
1236 1591 1462 1658 incidat,
1506 1599 1571 1645 ut
1612 1592 1879 1650 Diomedi

397 1697 524 1734 cum
566 1676 740 1748 Lycio
787 1675 1022 1744 Glauco,
1070 1676 1321 1730 discedat
1364 1676 1594 1749 pigrior,
1627 1678 1774 1733 ultro

395 1762 718 1817 muneribus
762 1761 946 1816 missis
993 1789 1092 1830 -—‚
1137 1761 1316 1815 Bruto
1359 1771 1625 1834 praetore
1668 1769 1900 1819 tenente

401 1848 574 1903 ditem
617 1846 827 1915 Asiam,
873 1847 1064 1920 Rupili
1109 1853 1166 1900 et
1207 1845 1368 1901 Persi
1412 1865 1513 1919 par
1556 1850 1774 1920 pugna-t
1819 1847 1903 1903 uti
1947 1863 2061 1902 non

275 1937 356 1990 20
405 1932 752 2004 conpositum
795 1932 992 1986 melius
1039 1949 1164 1985 cum
1206 1931 1377 1986 Bitho
1421 1931 1714 1988 Bacchius.
1758 1933 1817 1988 in
1865 1933 1952 1988 ius

402 2037 555 2073 acres
599 2024 946 2090 procurrunt,
990 2035 1250 2087 magnum
1298 2019 1672 2088 spectaculum
1715 2027 1973 2090 uterque.

321 2095 323 2098 Α
399 2102 625 2158 Persius
671 2101 900 2174 exponit
943 2119 1220 2170 caussam3
1264 2103 1482 2157 ridetur
1526 2104 1594 2159 ab
1640 2102 1792 2158 omni

407 2195 715 2254 conventu3
761 2187 950 2242 laudat
992 2187 1228 2241 Brutum
1273 2187 1573 2259 laudatque
1618 2190 1926 2256 cohortem,

407 2275 580 2330 solem
623 2272 792 2327 Asiae
835 2273 1072 2328 Brutum
1119 2272 1367 2344 adpellat
1410 2274 1707 2346 stellasque
1754 2272 1989 2328 salubris

287 2367 364 2417 25
415 2358 656 2431 adpellat
700 2357 944 2425 comites,
991 2365 1226 2430 excepto
1270 2359 1453 2429 Rege3
1500 2375 1693 2414 canem
1736 2357 1917 2429 illum,
1959 2355 1965 2362 ’

408 2444 648 2500 invisum
691 2443 947 2515 agricolis
993 2442 1162 2511 sidus,
1207 2443 1458 2512 venisse3
1504 2445 1705 2498 ruebat

407 2533 614 2586 flumen
659 2535 722 2582 ut
764 2527 1070 2595 hibernum,
1115 2529 1293 2584 fertur
1339 2547 1449 2602 quo
1492 2546 1618 2584 rara
1656 2529 1884 2586 securis.

407 2624 526 2671 tum
566 2613 964 2669 Praenestinus
1009 2613 1155 2668 salso
1198 2614 1487 2685 multoque
1532 2615 1729 2670 fluenti

415 2715 684 2772 expressa
727 2701 953 2754 arbusto
995 2697 1204 2769 regerit
1248 2699 1513 2766 convicia,
1560 2703 1728 2755 durus

296 2793 372 2843 30
421 2782 787 2840 vindemiator
829 2792 886 2840 et
925 2783 1187 2852 invictus,
1235 2783 1323 2839 cui
1368 2803 1531 2858 saepe
1574 2785 1756 2840 viator

425 2869 680 2926 cessisset
723 2888 923 2942 magna
967 2869 1285 2940 conpellans
1328 2887 1464 2925 voce
1508 2871 1779 2926 cuculum.

415 2964 473 3012 at
518 2954 783 3023 Graecus,
828 2964 1123 3029 postquam
1167 2963 1253 3010 est
1294 2955 1439 3010 Italo
1484 2954 1740 3027 perfusus
1788 2959 1964 3024 aceto,

415 3041 640 3096 Persius
685 3041 990 3096 exclamat:
1037 3037 1156 3113 ‘per
1196 3059 1447 3112 magnos,
1490 3041 1687 3108 Brute,
1734 3041 1867 3094 deos
1910 3045 1968 3094 te

419 3145 536 3195 oro,
584 3125 679 3198 qui
723 3145 884 3199 reges
931 3125 1210 3182 consueris
1256 3125 1474 3194 tollere,
1522 3143 1621 3179 cur
1663 3142 1775 3179 non

296 3219 328 3269 3
339 3219 371 3269 ὖ
417 3214 566 3268 hunc
577 3212 789 3284 Regem
807 3213 1022 3286 iugulas
1039 3211 1066 3265 ’ἒ
1088 3230 1317 3283 operum
1332 3212 1457 3280 hoc,
1484 3209 1619 3265 mihi
1637 3211 1821 3282 crede,
1843 3216 2061 3267 tuorum
2077 3201 2200 3266 est-⁹
