2459 3959
290 278 417 341 222
986 280 1546 337 EPISTVLARVM

414 436 565 491 Ptene
608 434 787 507 magis
833 434 1048 491 salvum
1092 435 1340 507 populus
1384 434 1522 489 velit
1564 451 1634 488 an
1679 434 1946 507 populum
1991 441 2072 503 tu,

416 529 600 577 servet
644 520 701 575 in
744 520 1005 592 ambiguo
1050 520 1149 591 qui
1194 521 1434 575 consulit
1478 527 1536 574 et
1579 519 1680 575 tibi
1729 527 1788 575 et
1830 519 1957 575 urbi

411 606 713 681 Iuppiter,’
757 605 1001 677 Augusti
1049 606 1246 661 laudes
1291 622 1595 677 agnoscere
1639 604 1854 677 possis:

295 700 369 749 30
421 711 544 747 cum
586 691 799 765 pateris
846 690 1069 763 sapiens
1114 693 1556 763 emendatusque
1600 691 1806 757 vocari,

418 780 800 851 respondesne
842 784 964 845 tu0‚
1011 776 1100 830 die
1144 780 1327 846 sodes,
1374 775 1645 831 nomine?
1691 773 1914 848 ‘nempe

416 864 501 918 vir
543 864 723 919 bonus
767 870 823 917 et
865 862 1111 933 prudens
1156 860 1269 917 dici
1314 863 1561 917 delector
1605 880 1710 933 ego
1757 879 1823 915 ac
1865 861 1972 915 tu.'

417 948 513 1022 qui
557 948 712 1003 dedit
756 948 864 1017 boc
906 946 1093 1015 hodie,
1141 964 1282 1013 cras,
1327 948 1376 1002 si
1419 948 1585 1015 volet,
1631 946 1865 1015 auferet,
1911 953 1975 1000 ut
2027 946 2078 1001 si

416 1033 681 1088 detulerit
722 1033 885 1088 fascis
930 1032 1181 1105 indigne,
1230 1034 1482 1087 detrahet
1524 1033 1694 1087 idem.

296 1125 369 1175 35
421 1117 602 1192 ‘pone‚
649 1136 835 1173 meum
878 1118 982 1172 est’
1026 1117 1241 1189 inquit:
1288 1137 1434 1191 pono
1479 1118 1768 1190 tristisque
1813 1118 2051 1171 recedo:

418 1204 569 1259 idem
612 1203 659 1258 si
707 1204 907 1259 clamet
950 1203 1145 1271 furem,
1192 1212 1365 1275 neget
1407 1222 1533 1259 esse
1578 1203 1861 1275 pudicum,

422 1291 729 1344 contendat
772 1288 972 1360 laqueo
1019 1288 1224 1343 collum
1266 1290 1536 1360 pressisse
1581 1296 1895 1361 paternum,

422 1377 680 1430 mordear
725 1373 1041 1447 opprobriis
1086 1375 1240 1429 falsis
1285 1384 1604 1446 mutemque
1649 1372 1910 1429 colores?

420 1462 592 1515 salsus
636 1462 815 1514 honor
858 1460 1011 1513 iuvat
1056 1469 1112 1513 et
1156 1462 1396 1514 mendax
1440 1459 1666 1513 infamia
1709 1467 1884 1514 terret

301 1550 377 1599 40
426 1564 592 1619 quem
622 1545 732 1599 nisi
760 1546 1085 1600 mendosum
1118 1554 1175 1599 et
1205 1544 1628 1599 medicandum?
1661 1544 1745 1598 vir
1767 1546 1944 1598 bonus
1971 1550 2056 1598 est
2081 1540 2244 1615 quis?

424 1629 547 1703 ‘qui
591 1631 847 1687 consulta
888 1638 1129 1702 patrum,
1174 1630 1272 1703 qui
1321 1632 1474 1701 leges
1520 1631 1752 1702 iuraque
1797 1637 2002 1695 servat,

428 1735 539 1788 quo
584 1715 795 1770 multae
841 1734 1185 1789 magnaeque
1230 1724 1490 1771 secantur
1532 1715 1718 1771 iudice
1764 1714 1914 1783 lites,

426 1819 537 1873 quo
581 1819 671 1855 res
717 1818 983 1873 sponsore
1028 1809 1085 1855 et
1129 1820 1240 1873 quo
1288 1818 1515 1855 caussae
1560 1810 1703 1857 teste
1747 1799 2042 1855 tenentur.'

425 1888 525 1941 sed
568 1886 725 1941 videt
767 1887 914 1939 hunc
960 1886 1139 1941 omnis
1187 1889 1384 1941 domus
1430 1896 1488 1941 et
1531 1886 1736 1941 vicinia
1777 1894 1896 1941 tota

302 1977 377 2026 45
426 1972 699 2027 introrsus
744 1979 989 2043 turpem,
1038 1971 1349 2043 speciosum
1393 1972 1540 2044 pelle
1586 1974 1807 2028 decora.

428 2055 551 2113 ‘nec
594 2058 803 2111 furtum
844 2056 953 2112 feci
997 2075 1101 2111 nec
1143 2058 1279 2130 fugi’
1326 2057 1374 2111 si
1417 2058 1554 2111 mihi
1605 2058 1744 2113 dicit

430 2160 641 2210 servus,
690 2139 877 2197 ‘habes
922 2142 1179 2214 pretium,
1227 2141 1361 2197 loris
1406 2161 1518 2197 non
1564 2143 1758 2199 ureris'
1804 2141 1912 2195 aio,

430 2226 564 2282 ‘non
609 2228 888 2282 hominem
932 2228 1151 2283 occidi.’
1195 2247 1307 2283 non
1351 2246 1545 2302 pasces
1590 2229 1648 2283 in
1693 2246 1853 2283 cruce
1897 2242 2114 2284 corvos-

432 2312 573 2367 ‘sum
618 2316 797 2368 bonus
842 2320 901 2367 et
943 2313 1132 2385 frugi.’
1178 2314 1368 2368 renuit
1411 2314 1738 2387 negitatque
1782 2312 2057 2369 Sabeuus.

308 2404 383 2454 50
434 2408 627 2453 cautus
674 2399 822 2453 enim
868 2397 1065 2453 metuit
1110 2400 1326 2455 foveam
1370 2399 1534 2471 lupus
1579 2399 1955 2471 accipiterque

432 2492 719 2555 suspectos
765 2485 994 2556 laqueos
1042 2492 1099 2539 et
1147 2493 1402 2557 opertum
1446 2485 1650 2540 miluus
1695 2486 1936 2539 hamum.

435 2571 675 2624 oderunt
718 2586 951 2641 peecare
994 2570 1129 2623 boni
1172 2570 1393 2625 virtutis
1438 2588 1656 2625 amore:

434 2662 496 2708 tu
542 2654 685 2709 nihil
730 2653 993 2709 admittes
1038 2654 1096 2708 in
1140 2664 1199 2709 te
1242 2656 1538 2711 formidine
1583 2673 1812 2727 poenae.

434 2740 507 2795 sit
551 2758 677 2813 spes
723 2739 979 2806 fallendi,
1025 2740 1284 2796 miscebis
1331 2758 1489 2795 sacra
1531 2740 1810 2814 profanis:

312 2832 385 2881 55
434 2844 561 2880 nam
607 2827 675 2879 de
718 2826 871 2880 mille
915 2825 1078 2880 fabae
1122 2825 1324 2881 modiis
1370 2844 1494 2881 cum
1540 2826 1774 2899 surripis
1820 2846 2013 2897 unum,

432 2913 694 2966 damnum
738 2919 845 2980 est,
894 2929 1007 2965 non
1051 2911 1284 2979 facium,
1331 2912 1468 2966 mihi
1511 2920 1676 2984 pacto
1723 2912 1902 2968 lenius
1946 2912 2078 2968 isto.

434 2996 519 3051 vir
563 2998 759 3065 bonus,
806 3015 969 3051 omne
1013 2997 1195 3052 forum
1226 3016 1394 3070 quem
1426 3005 1639 3069 spectat
1681 3006 1740 3051 et
1785 3016 1946 3053 omne
1989 2998 2260 3065 tribunal,

437 3083 879 3154 quandocunque
925 3084 1061 3139 deos
1104 3084 1194 3137 vel
1239 3100 1410 3154 porco
1454 3083 1544 3137 vel
1589 3084 1730 3137 bove
1775 3083 1979 3154 placat,

442 3166 595 3221 ‘Iane
639 3164 813 3239 pater'
860 3168 1024 3236 clare,
1075 3169 1225 3222 clare
1269 3186 1394 3222 eum
1439 3167 1582 3223 dixit
1628 3164 1895 3239 ‘Apollo’,

317 3258 389 3305 60
438 3252 594 3305 labra
636 3261 821 3307 movet
865 3262 1117 3308 metuens
1162 3253 1344 3307 audiri
1391 3250 1638 3325 ‘pulchra
1681 3253 1954 3323 Laverna,

439 3338 510 3389 da
553 3336 688 3391 mihi
730 3337 945 3405 fallere,
994 3341 1065 3393 da
1109 3338 1257 3393 iusto
1304 3348 1606 3410 sanctoque
1650 3337 1849 3408 videri,

439 3422 661 3474 noctem
706 3422 949 3492 peccatis
998 3432 1055 3479 et
1098 3423 1386 3478 fraudibus
1433 3424 1589 3478 obice
1633 3414 1880 3479 nubem.’

442 3504 537 3575 qui
580 3505 775 3561 melior
819 3525 998 3577 servo,
1046 3509 1143 3581 qui
1187 3509 1419 3565 liberior
1463 3509 1534 3564 sit
1581 3526 1798 3579 avarm,
