2459 3959
322 316 454 381 284

334 484 451 533 100

336 912 451 960 105

346 1337 462 1385 110

348 1764 463 1811 115

353 2188 471 2235 120

351 2615 468 2662 125

1027 322 1581 380 EPISTVLARVM

502 481 653 551 quod
696 480 898 553 cupide
941 478 1125 550 petiit,
1171 485 1388 533 mature
1432 477 1597 549 plena
1639 478 1883 551 reliquit.

500 564 635 636 quid
679 566 862 639 placet
906 572 1003 619 aut
1045 564 1175 619 odio
1221 570 1327 631 est,
1371 564 1522 635 quod
1569 581 1680 618 non
1725 565 1991 619 mutabile
2039 562 2273 618 credas?

498 651 605 706 hoc
645 668 811 724 paces
854 650 1100 705 habuere
1144 650 1325 703 bonae
1369 648 1636 720 ventique
1681 647 1926 704 secundi.

499 734 710 792 Romae
754 736 919 790 dulce
962 734 1057 788 diu
1100 734 1207 788 fuit
1250 742 1309 787 et
1351 733 1619 789 sollemne
1664 736 1886 789 reclusa

503 838 663 877 mane
707 822 870 875 domo
914 818 1166 891 vigilare,
1213 818 1403 873 clienti
1447 836 1702 890 promere
1745 821 1885 888 iura,

505 914 694 960 cautos
738 905 1056 960 nominibus
1100 904 1272 959 rectis
1315 906 1636 975 expendere
1681 922 1952 971 nummos,

506 990 742 1045 maiores
788 991 999 1058 audire,
1044 989 1248 1043 minori
1291 988 1501 1057 dicere,
1549 1008 1652 1061 per
1695 1008 1838 1063 quae

508 1092 756 1131 crescere
799 1092 888 1131 res
931 1083 1139 1147 posset,
1184 1073 1358 1130 minui
1403 1075 1666 1131 damnosa
1709 1076 1900 1132 libido.

508 1162 742 1216 mutavit
784 1168 1025 1216 mentem
1068 1161 1310 1232 populus
1354 1159 1492 1214 levis
1539 1170 1596 1215 et
1643 1162 1790 1217 calet
1834 1180 1946 1215 uno

512 1245 792 1302 scribendi
835 1245 1047 1313 studi03
1092 1245 1254 1316 pueri
1297 1253 1596 1319 patresque
1640 1246 1820 1301 severi

512 1332 710 1387 fronde
756 1348 941 1386 comas
987 1331 1159 1385 vincti
1206 1341 1410 1385 cenant
1453 1340 1510 1386 et
1553 1332 1799 1387 carmina
1841 1332 2077 1387 dictant.

509 1416 630 1487 ipse
674 1436 796 1489 eg0,
842 1416 938 1488 qui
982 1415 1165 1471 nullos
1209 1434 1300 1469 me
1344 1417 1573 1471 adfirmo
1619 1416 1857 1473 scribere
1900 1436 2112 1485 versus,

514 1501 768 1556 invenior
808 1501 1030 1557 Parthis
1076 1500 1396 1555 mendacior
1441 1510 1498 1555 et
1539 1502 1694 1574 prius
1741 1513 1862 1557 orto

512 1587 629 1641 sole
671 1587 804 1659 vigil
848 1590 1119 1641 calamum
1160 1594 1219 1641 et
1263 1586 1480 1641 chartas
1523 1596 1582 1641 et
1624 1588 1827 1643 scrinia
1868 1604 2060 1660 posco.

512 1672 695 1728 navim
738 1690 903 1744 agere
948 1673 1173 1743 ignarus
1218 1670 1376 1725 navis
1421 1672 1610 1739 time-t3
1657 1675 1988 1728 abrotonum
2034 1690 2201 1743 aegro

516 1775 625 1811 non
669 1760 837 1813 audet
880 1756 985 1811 nisi
1028 1755 1127 1829 qui
1170 1756 1367 1810 didicit
1410 1758 1572 1827 dare3
1619 1760 1771 1829 quod
1813 1758 2154 1814 medicorum
2200 1764 2285 1811 est

515 1843 846 1913 promittunt
888 1841 1089 1898 medici
1107 1858 1122 1908 ς
1168 1849 1410 1896 tractant
1452 1842 1674 1898 fabrilia
1713 1844 1893 1898 fabri:

519 1927 807 1983 scribimus
852 1929 1064 1983 indocti
1110 1926 1369 2000 doctique
1415 1939 1673 1998 poemata
1714 1930 1935 2001 passim.

519 2013 609 2067 hic
652 2030 807 2070 error
850 2022 1035 2069 tamen
1082 2021 1138 2067 et
1181 2013 1321 2067 levis
1365 2012 1504 2067 haec
1546 2013 1762 2069 insania
1805 2024 2038 2088 quantas

518 2099 751 2155 virtutes
795 2099 999 2155 habeat
1040 2099 1122 2153 sic
1166 2097 1402 2169 conlige.
1448 2097 1590 2153 vatis
1631 2116 1830 2155 avarus

518 2202 630 2238 non
658 2194 867 2240 temere
898 2194 983 2239 est
1010 2184 1254 2238 animus:
1301 2200 1492 2239 versus
1519 2194 1683 2253 amat,
1729 2186 1836 2240 hoc
1864 2187 2054 2241 studet
2087 2201 2292 2249 unum3

521 2270 867 2336 detrimenta,
913 2272 1071 2343 fugas
1116 2286 1419 2335 servorum,
1469 2268 1725 2324 incendia
1767 2270 1939 2337 ridet3

523 2372 632 2409 non
676 2356 925 2410 fraudem
970 2354 1119 2411 socio
1163 2372 1409 2425 puerove
1454 2355 1718 2427 incogitat
1761 2356 1927 2410 ullam

520 2440 756 2512 pupillo;
802 2441 939 2496 vivit
982 2439 1197 2512 siliquis
1245 2447 1302 2494 et
1341 2458 1488 2513 pane
1533 2442 1793 2505 secundo,

519 2525 747 2582 militiae
793 2544 1111 2599 quanquam
1154 2524 1316 2597 piger
1357 2534 1414 2581 et
1457 2528 1654 2592 malus,
1702 2527 1854 2581 utilis
1901 2526 2043 2587 urbi,

518 2610 565 2664 si
608 2612 707 2665 das
752 2612 874 2677 hoc,
920 2610 1105 2683 parvis
1151 2628 1376 2681 quoque
1418 2613 1583 2665 rebus
1627 2630 1829 2683 magna
1873 2610 2069 2665 iuvari.

517 2714 578 2750 os
621 2704 875 2751 tenerum
918 2695 1077 2770 pueri
1122 2695 1458 2768 balbumque
1504 2708 1668 2767 poeta
1710 2698 1933 2767 figurat,

518 2791 745 2852 torquet
786 2784 856 2837 ab
901 2780 1185 2837 obscaenis
1230 2781 1342 2835 iam
1387 2800 1532 2835 nunc
1576 2781 1922 2836 sermonibus
1969 2798 2186 2848 aurem,

518 2884 647 2920 mox
689 2866 855 2921 etiam
898 2877 1092 2940 pectus
1133 2866 1452 2938 praeceptis
1495 2866 1698 2921 format
1740 2867 1946 2935 timide,

520 2952 833 3023 asperitatis
879 2964 935 3009 et
978 2951 1219 3007 invidiae
1269 2960 1546 3005 corrector
1589 2962 1646 3009 et
1691 2952 1829 3019 irae,

357 3038 476 3091 130
523 3044 673 3092 recte
716 3038 861 3093 facta
903 3040 1091 3102 refert,
1140 3036 1379 3089 orientia
1421 3046 1676 3108 tempora
1719 3038 1868 3092 notis

525 3122 749 3178 instruit
792 3124 1076 3195 exemplis,
1123 3122 1345 3192 inopem
1392 3122 1600 3176 solatur
1645 3132 1704 3177 et
1745 3132 1986 3195 aegrum.

526 3208 690 3261 castis
734 3226 855 3262 cum
902 3210 1085 3281 pueris
1132 3207 1326 3277 ignara
1369 3208 1558 3277 puella
1603 3208 1786 3262 mariti

524 3292 759 3346 disceret
801 3295 951 3349 unde
994 3308 1205 3365 preces,
1251 3302 1436 3346 vatem
1479 3292 1538 3345 ni
1580 3292 1744 3347 Musa
1787 3294 2078 3349 dedisset?

525 3376 706 3446 poscit
748 3394 909 3449 opem
950 3379 1153 3433 chorus
1199 3385 1257 3430 et
1299 3376 1615 3447 praesentia
1660 3378 1886 3433 numina
1931 3379 2130 3447 sentit,

362 3465 479 3513 135
528 3459 782 3514 caelestis
824 3462 1069 3534 inplorat
1110 3478 1283 3533 aquas
1329 3463 1495 3515 docta
1537 3478 1704 3533 prece
1747 3462 2000 3528 blandus,

528 3545 729 3597 avertit
772 3548 1009 3613 morbos,
1058 3547 1356 3601 metuenda
1397 3546 1648 3617 pericula
1687 3547 1866 3618 pellit,
