2459 3959
285 269 292 274 '
353 280 437 338 42
1128 282 1549 340 CARMINVM

489 437 720 492 suscitat
762 437 981 492 Musam
1027 454 1205 510 neque
1250 456 1468 510 semper
1510 457 1697 494 arcum

364 525 438 574 20
573 522 755 577 tendit
798 521 1025 595 Apollo.

487 651 652 704 rebus
699 650 948 722 angustis
993 650 1273 705 animosus
1318 660 1485 724 atque

487 733 644 789 fortis
690 736 922 807 adpare3
969 737 1252 809 sapienter
1296 737 1441 791 idem

488 821 777 876 contrahes
822 829 988 875 vento
1034 821 1264 876 nimium
1308 824 1549 878 secundo

575 905 799 978 turgida
844 907 984 962 vela.

1287 1188 1381 1244 XI

496 1331 644 1395 Quid
689 1330 983 1386 bellicosus
1028 1331 1307 1388 Cantaber
1350 1342 1409 1388 et
1453 1335 1704 1408 Scythes,

494 1415 731 1490 Hirpine
776 1416 991 1485 Quinti,
1037 1417 1245 1490 cogitet
1287 1419 1503 1474 Hadria

579 1502 787 1557 divisus
833 1503 1069 1572 obicem,
1113 1502 1385 1558 remittas¹

665 1605 947 1660 quaerere.
993 1607 1064 1643 ne
1107 1589 1355 1660 trepides
1397 1590 1452 1645 in
1499 1610 1659 1646 usum

414 1723 443 1769 5
494 1715 770 1787 poscentis
813 1716 936 1771 aevi
976 1735 1179 1789 pauca:
1223 1718 1369 1792 fugit
1410 1728 1558 1774 retro

495 1800 632 1855 levis
675 1802 926 1856 iuventas
973 1811 1030 1856 et
1075 1803 1257 1871 decor,
1304 1803 1461 1860 arida

580 1887 826 1958 pellente
870 1887 1102 1943 lascivos
1148 1905 1364 1944 amores

665 1971 867 2026 canitie
909 1973 1238 2044 facilemque
1283 1993 1553 2030 somnum.

497 2120 607 2156 non
653 2116 872 2171 semper
913 2099 1062 2153 idem
1105 2100 1336 2156 floribus
1383 2110 1468 2156 est
1512 2102 1689 2156 honos

377 2195 446 2239 10
496 2185 695 2251 vernis,
740 2202 923 2255 neque
967 2203 1077 2239 uno
1119 2186 1282 2241 Luna
1323 2188 1528 2241 rubens
1572 2187 1714 2242 nitet

582 2272 755 2326 voltu.
803 2269 939 2342 quid
982 2271 1220 2326 aeternis
1266 2272 1535 2326 minorem

670 2355 914 2411 consiliis
960 2355 1204 2411 animum
1249 2358 1487 2430 fatigas?

498 2505 594 2539 cur
635 2503 746 2540 non
792 2486 895 2539 sub
939 2485 1052 2538 alta
1093 2485 1182 2539 vel
1208 2485 1447 2557 'platano
1492 2485 1583 2539 vel
1624 2487 1731 2540 hac

504 2571 639 2642 pinu
680 2570 922 2625 iacentes
969 2569 1046 2624 sio
1091 2577 1299 2624 temere
1345 2579 1403 2626 et
1446 2589 1573 2625 rosa

380 2665 448 2710 15
586 2673 748 2710 canos
794 2654 1009 2711 odorati
1054 2655 1303 2727 capillos,

669 2742 799 2794 dum
843 2739 993 2807 lieet,
1038 2739 1383 2813 Assyrioque
1428 2743 1601 2796 nardo

502 2843 754 2941 potamus
798 2867 990 2922 uncti?
1037 2867 1268 2939 dissipat
1310 2869 1522 2925 Euhius

501 2973 658 3010 curas
703 2953 906 3010 edacis.
953 2952 1076 3025 quis
1120 2972 1262 3025 puer
1304 2955 1455 3008 ocius

583 3039 892 3112 restinguet
933 3039 1180 3093 ardentis
1224 3039 1446 3094 Falerni

379 3136 452 3180 20
670 3125 867 3198 pocula
909 3131 1299 3197 praetereunte
1344 3126 1610 3198 lympha?

501 3254 622 3325 quis
669 3253 889 3308 devium
933 3260 1178 3308 scortum
1223 3252 1409 3308 eliciet
1455 3256 1624 3310 domo

498 3338 734 3409 Lyden?
787 3339 998 3392 eburna
1041 3338 1130 3392 dic
1175 3357 1280 3410 age
1326 3355 1447 3394 cum
1494 3342 1620 3412 lyra

581 3431 840 3493 maturet,
885 3423 1220 3496 incomptam
1262 3425 1551 3482 Lacaenae

670 3527 820 3564 more
865 3527 1074 3564 comam
1120 3510 1356 3581 religata
1399 3514 1567 3568 nodo·
