2459 3959
332 295 469 360 8⁸8
1039 301 1594 357 Ems'rvLARVM

512 474 613 511 nec
656 458 827 531 magis
872 457 1121 529 expressi
1165 456 1352 511 voltus
1395 474 1498 527 per
1540 474 1712 511 aenea
1756 456 1932 527 signs,

513 559 677 612 quam
722 563 823 613 per
864 544 1009 599 vatis
1053 560 1193 615 opus
1241 558 1422 597 mores
1468 541 1748 615 animique
1790 542 2036 596 virorum

332 630 467 692 350
516 627 789 683 clarorum
834 630 1119 701 adparent.
1167 643 1270 681 nec
1311 644 1592 683 sermones
1637 644 1743 699 ego
1789 628 2006 681 mallem

516 712 759 785 repentis
804 732 905 786 per
948 714 1175 769 humum
1220 729 1388 783 quam
1429 730 1519 767 res
1563 730 1876 783 conponere
1919 723 2126 785 gestas,

512 805 895 871 terrarumque
940 800 1078 854 situs
1124 807 1181 853 et
1222 796 1454 851 flumina
1495 797 1680 852 dicere
1724 806 1784 851 et
1825 798 1966 852 arcis

514 884 793 939 montibus
838 883 1105 955 inpositas
1152 891 1211 938 et
1256 882 1490 937 barbara
1531 901 1724 955 regna,
1771 882 1994 954 tuisque

514 968 775 1039 auspiciis
820 978 1001 1025 totum
1044 970 1298 1023 confecta
1342 969 1528 1023 duella
1573 986 1674 1039 per
1716 970 1925 1035 orbem,

338 1057 469 1107 ’255
520 1053 871 1127 claustraque
916 1056 1203 1109 custodem
1247 1054 1400 1123 pacis
1447 1052 1766 1108 cohibentia
1809 1053 2022 1119 Ianum,

514 1147 573 1199 et
613 1139 964 1195 formidatam
1008 1140 1229 1195 Parthis
1277 1149 1333 1192 te
1381 1138 1630 1210 principe
1675 1140 1928 1205 Romam,

502 1224 565 1277 si
593 1237 859 1296 quantum
891 1244 1151 1298 cuperem
1185 1242 1402 1295 possem
1425 1238 1684 1295 quoque:
1729 1226 1828 1279 sed
1849 1242 2032 1297 neque
2065 1242 2290 1297 parvum

520 1327 741 1365 carmen
784 1311 1043 1367 maiestas
1086 1309 1288 1382 recipit
1331 1318 1448 1375 tua,
1493 1327 1595 1365 nec
1640 1327 1794 1365 meus
1837 1312 2006 1365 audet

523 1412 641 1455 rem
686 1405 957 1468 temptare
1000 1398 1181 1469 pudor
1226 1413 1394 1467 quam
1439 1396 1586 1449 vires
1629 1394 1778 1449 ferre
1817 1405 2106 1451 recusent.-

348 1484 474 1533 260
524 1480 795 1540 sedulitas
840 1490 1027 1537 autem
1072 1482 1262 1547 stulte,
1310 1497 1474 1552 quem
1520 1479 1722 1553 diligit,
1767 1489 1988 1551 urguet,

520 1566 821 1638 praecipue
866 1584 991 1621 cum
1036 1585 1097 1621 se
1141 1567 1384 1621 numeris
1431 1568 1780 1621 commendat
1823 1572 1880 1620 et
1923 1573 2072 1621 arte:

519 1650 682 1706 discit
726 1652 875 1709 enim
918 1651 1079 1707 cit-ius
1123 1651 1485 1723 meminitque
1528 1650 1792 1707 libentius
1837 1650 1976 1705 illud

520 1738 677 1807 quod
720 1737 845 1808 quis
894 1738 1113 1793 deridet
1155 1755 1324 1809 quam
1368 1738 1518 1809 quod
1560 1738 1764 1808 probat
1807 1745 1864 1791 et
1905 1746 2224 1793 veneratur.

520 1821 597 1875 nil
641 1840 827 1879 moror
870 1823 1113 1879 officium
1158 1825 1311 1895 quod
1355 1839 1444 1876 me
1487 1830 1711 1893 gravat3
1757 1838 1824 1877 ac
1865 1840 2046 1895 neque
2093 1825 2224 1878 ficto

350 1911 471 1960 265
520 1906 580 1960 in
624 1907 781 1979 peius
826 1908 982 1962 voltu
1024 1908 1264 1981 proponi
1307 1924 1502 1963 cereus
1545 1926 1793 1980 usquam,

521 2009 627 2047 nec
668 2012 838 2065 prave
881 1993 1041 2048 factis
1086 1992 1334 2049 decorari
1379 1992 1629 2048 versibus
1675 2002 1828 2065 opto,

521 2096 593 2132 ne
636 2080 863 2133 rubeam
907 2080 1099 2151 pingui
1147 2082 1384 2134 donatus
1431 2098 1656 2133 munere
1703 2090 1756 2134 et
1801 2098 1911 2134 una

526 2182 651 2217 cum
698 2164 973 2235 scriptore
1017 2183 1139 2218 meo
1186 2182 1353 2236 capsa
1396 2172 1683 2236 porrectus
1729 2173 1924 2236 operta

526 2249 746 2303 deferar
790 2251 846 2303 in
892 2250 1073 2304 vicum
1121 2252 1455 2305 vendentem
1500 2259 1590 2304 tus
1635 2258 1693 2304 et
1737 2252 1938 2304 odores

352 2338 478 2388 270
528 2342 584 2388 et
626 2334 793 2407 piper
838 2346 893 2389 et
936 2335 1214 2407 quidquid
1260 2336 1466 2389 chartis
1512 2335 1768 2390 amicitur
1812 2335 2038 2407 ineptis.

1306 2618 1367 2670 11

485 2762 676 2831 Flore,
702 2765 868 2821 bono
912 2764 1170 2835 claroque
1216 2764 1396 2818 fidelis
1441 2765 1616 2819 amice
1657 2765 1889 2829 Neroni,

488 2848 663 2920 siquis
708 2850 853 2903 forte
896 2850 1033 2904 velit
1075 2867 1310 2921 puerum
1354 2850 1457 2903 tibi
1503 2852 1742 2905 vendere
1787 2860 1978 2903 natum

485 2934 697 2989 Tibure
742 2934 833 2989 vel
878 2934 1071 2990 Gabiis
1116 2944 1175 2990 et
1218 2944 1403 2990 tecum
1447 2934 1526 2989 sic
1570 2945 1718 3006 agat,
1743 2934 1874 2989 .‘hic
1917 2945 1976 2989 et

488 3019 757 3075 candidus
802 3028 859 3073 et
901 3021 1042 3075 talos
1086 3038 1119 3075 a
1162 3020 1372 3075 vertice
1413 3020 1644 3093 pulcher
1689 3022 1762 3075 ad
1805 3021 1944 3075 imos

399 3110 451 3159 5>
489 3106 587 3159 fiet
629 3104 847 3175 eritque
888 3114 1017 3161 tuus
1061 3124 1408 3161 nummorum
1451 3105 1670 3161 milibus
1715 3115 1859 3173 octo,

489 3207 663 3247 verna
702 3190 1023 3247 ministeriis
1066 3192 1139 3245 ad
1183 3200 1350 3247 nutus
1395 3199 1558 3263 aptus
1601 3192 1769 3259 erilis,

487 3274 746 3330 litterulis
793 3275 1025 3333 Graecis
1068 3275 1316 3344 inbutus,
1361 3275 1596 3333 idoneus
1640 3278 1748 3333 arti

492 3359 739 3417 cuilibet.
782 3360 981 3433 argilla
1022 3361 1244 3434 quidvis
1285 3360 1592 3417 imitaberis
1635 3365 1774 3429 uda;

490 3445 625 3517 quin
668 3444 836 3501 etiam
880 3456 1041 3502 canet
1082 3446 1383 3513 indoctum,
1429 3448 1530 3501 sed
1553 3448 1716 3503 dulce
1759 3448 1994 3504 bibenti.

368 3534 445 3583 10
493 3529 664 3584 multa
707 3530 870 3585 fidem
914 3530 1187 3603 promissa
1230 3532 1434 3599 levant,
1477 3532 1576 3587 ubi
1620 3534 1840 3606 plenius
1883 3552 2066 3606 aequo
2115 3562 2127 3577 ,
