2459 3959
230 288 359 351 m
907 293 1464 352 EPISTVLARVM

277 626 308 674 5

244 1053 317 1105 10

236 1483 309 1532 15

238 1908 317 1961 20

239 2339 312 2390 25

237 2766 312 2816 30

239 3194 313 3244 35

355 449 523 507 Musa
566 464 937 523 supervacuas
980 449 1282 516 Antonius,
1329 458 1388 505 et
1429 458 1618 506 tamen
1661 450 1775 505 illis

358 554 447 591 me
490 535 625 589 facit
666 533 923 603 invisum,
968 534 1155 608 gelida
1198 554 1324 591 cum
1367 535 1594 607 perluor
1640 537 1789 591 unda

356 638 459 695 per
501 620 746 677 medium
788 619 981 691 frigus.
1027 638 1159 677 sane
1203 629 1445 676 murteta
1487 620 1752 693 relinqui,

356 707 618 779 dictaque
661 713 973 761 cessantem
1016 706 1205 762 nervis
1251 707 1462 761 elidere
1505 708 1763 761 morbum

359 792 572 848 sulfura
615 791 918 860 contemni,
963 790 1116 847 vicus
1159 792 1357 864 gemit,
1402 791 1624 847 invidus
1670 791 1854 865 aegris

357 876 457 951 qui
498 885 669 949 caput
711 884 771 931 et
812 877 1158 933 stomachum
1202 895 1518 949 supponere
1560 878 1810 933 fontibus
1855 880 2068 936 audent

362 962 605 1019 Clusinis
651 961 976 1035 Gabiosque
1018 970 1219 1035 petunt
1261 971 1320 1017 et
1360 961 1564 1035 frigida
1606 981 1754 1018 rura.

364 1049 660 1104 mutandus
703 1047 858 1103 locus
902 1054 989 1103 est
1034 1056 1092 1103 et
1136 1047 1460 1103 deversoria
1503 1055 1639 1103 nota

356 1134 832 1208 praeteragendus
876 1150 1069 1206 equus.
1116 1131 1246 1207 ‘quo
1289 1132 1515 1187 tendis?
1560 1152 1672 1187 non
1717 1132 1854 1188 mihi
1900 1133 2102 1191 Cumas

361 1226 448 1275 est
492 1219 602 1275 iter
644 1227 743 1273 aut
786 1211 972 1275 Baias’
1016 1219 1177 1274 laeva
1218 1219 1602 1275 stomachosus
1627 1220 1866 1274 habena

359 1306 511 1360 dicet
551 1322 753 1377 eques:
798 1306 900 1360 sed
944 1305 1103 1376 equis
1145 1304 1364 1359 frenato
1407 1313 1493 1359 est
1538 1304 1687 1358 auris
1730 1303 1790 1359 in
1835 1322 1932 1360 ore
1974 1328 2094 1377 ——;

357 1390 538 1447 maior
578 1397 767 1445 utrum
808 1390 1077 1463 populum
1119 1388 1385 1445 frumenti
1429 1389 1590 1461 copia
1633 1397 1856 1462 pascat3

358 1477 712 1532 conlectosne
756 1476 953 1531 bibant
993 1475 1199 1531 imbres
1244 1485 1517 1547 puteosne
1559 1475 1822 1547 perennis

356 1561 503 1635 iugis
547 1578 727 1633 aquae
770 1589 857 1601 ·-—
900 1578 1029 1615 nam
1072 1560 1203 1615 vina
1247 1560 1389 1615 nihil
1433 1578 1619 1615 moror
1661 1560 1811 1616 illius
1857 1580 2008 1621 orae.

356 1664 487 1702 rure
530 1664 653 1703 meo
696 1665 925 1719 possum
967 1646 1189 1719 quidvis
1235 1648 1480 1719 perferre
1522 1646 1780 1719 patique:

358 1734 431 1788 ad
472 1750 626 1789 mare
672 1750 797 1787 cum
840 1732 990 1800 veni,
1035 1750 1370 1803 generosum
1415 1738 1472 1786 et
1517 1732 1642 1787 lene
1682 1730 1932 1804 requiro,

368 1819 519 1891 quod
563 1835 723 1873 curas
769 1817 976 1890 abigat,
1022 1818 1173 1890 quod
1217 1836 1344 1872 cum
1389 1834 1488 1888 spe
1531 1817 1706 1871 divite
1752 1826 1940 1873 manet

368 1904 428 1958 in
472 1921 643 1959 venas
690 1903 1047 1975 animumque
1090 1920 1295 1971 meum,
1342 1903 1493 1974 quod
1537 1904 1709 1957 verba
1751 1901 2054 1972 ministret,

356 1990 510 2063 quod
551 2008 641 2046 me
684 1989 945 2045 Lucanae
989 1989 1248 2043 iuvenem
1293 1990 1644 2043 commendet
1687 1988 1896 2043 amicae
1939 2009 2054 2058 -3

356 2084 571 2131 tractus
615 2084 743 2151 uter
784 2075 962 2146 pluris
1006 2074 1248 2146 lepores,
1294 2082 1422 2128 uter
1464 2075 1666 2129 educet
1707 2088 1915 2145 apros3

358 2170 487 2216 utra
530 2160 707 2233 magis
750 2160 919 2233 piscis
962 2172 1022 2215 et
1064 2160 1296 2214 echinos
1341 2176 1586 2231 aequora
1627 2159 1832 2225 celent,

356 2246 582 2319 pinguis
624 2254 691 2301 ut
730 2246 863 2301 inde
908 2248 1133 2302 domum
1173 2244 1384 2317 possim
1427 2245 1765 2317 Phaeaxque
1807 2246 2039 2314 reverti,

362 2331 609 2387 scribere
651 2339 711 2387 te
754 2330 936 2399 nobis,
979 2331 1085 2387 tibi
1131 2349 1231 2385 nos
1277 2331 1582 2385 adcredere
1627 2348 1728 2403 par
1771 2338 1876 2385 est.

357 2416 635 2483 Maenius,
678 2424 745 2471 ut
785 2418 955 2473 rebus
998 2414 1264 2471 maternis
1309 2424 1478 2487 atque
1519 2416 1770 2487 paternis

357 2502 583 2558 fortiter
624 2502 934 2575 absumptis
976 2505 1223 2557 urbanus
1270 2501 1458 2572 coepit
1497 2501 1710 2569 haberi,

358 2606 549 2644 scurra
593 2606 787 2659 vagus,
830 2606 947 2643 non
990 2588 1087 2661 qui
1132 2598 1347 2642 certum
1389 2603 1658 2658 praesepe
1702 2592 1940 2654 teneret,

356 2674 650 2747 inpransus
694 2692 809 2729 non
852 2674 951 2745 qui
994 2673 1173 2729 civem
1214 2673 1570 2744 dignosceret
1613 2672 1793 2739 hoste,

360 2758 645 2833 quaelibet
684 2758 746 2813 in
789 2756 1388 2831 quemvis··epprobria
1431 2757 1644 2828 fingere
1689 2774 1904 2825 saevus,

360 2843 637 2919 pernicies
682 2853 741 2899 et
780 2852 1080 2917 tempestas
1123 2843 1559 2914 barathrumque
1601 2841 1844 2909 macelli,

360 2930 633 3004 quidquid
678 2931 1009 3002 quaesierat,
1050 2928 1235 2984 ventri
1279 2929 1516 2983 donaret
1557 2945 1753 2982 avaro:

359 3015 452 3072 hic
495 3015 590 3070 ubi
632 3015 919 3088 nequitiae
963 3013 1272 3070 fautoribus
1317 3017 1378 3069 et
1420 3011 1632 3069 timidis
1677 3011 1758 3067 nil

360 3111 458 3157 aut
497 3100 751 3173 paullum
792 3100 1121 3169 abstulerat,
1168 3100 1388 3172 patinas
1437 3098 1674 3153 cenabat
1716 3096 1909 3166 omasi,

360 3187 487 3242 vilis
532 3193 589 3241 et
631 3186 890 3258 agninae,
936 3186 1117 3241 tribus
1163 3184 1306 3241 ursis
1351 3185 1500 3257 quod
1545 3182 1679 3239 satis
1723 3190 1902 3252 esset;

362 3272 575 3326 scilicet
618 3280 682 3325 ut
724 3279 948 3327 ventres
990 3272 1177 3326 lamna
1218 3272 1492 3325 candente
1535 3277 1801 3341 nepotum

362 3357 575 3411 diceret
618 3358 860 3411 urendos
905 3367 1186 3412 corrector
1228 3354 1476 3411 Bestius.
1522 3354 1670 3409 idem

361 3441 547 3513 siquid
591 3450 712 3496 erat
753 3450 985 3497 nanctus
1030 3443 1274 3515 praedae
1318 3440 1560 3506 maioris,
1606 3439 1705 3494 ubi
1748 3455 1911 3495 omne

360 3534 607 3583 verterat
648 3525 707 3580 in
748 3527 962 3582 fumum
1006 3536 1065 3583 et
1107 3528 1372 3595 cinerem,
1417 3523 1554 3580 ‘non
1595 3524 1824 3579 hercule
1867 3523 2055 3581 mirsr’
