2459 3959
280 318 413 381 194
1028 324 1490 379 SATIRARVM

455 475 604 535 “non
654 500 775 537 sum
836 481 1133 537 moechus”
1194 480 1308 537 ais:
1377 498 1559 552 neque
1619 498 1726 553 ego
1779 480 2004 535 hercule
2084 481 2185 548 fur,

1835 568 1932 621 ubi
1977 584 2108 621 vasa

454 659 745 723 praetereo
792 652 1011 725 sapiens
1056 659 1340 726 argentea.
1385 651 1526 709 tolle
1566 652 1854 724 periclum,

453 738 561 791 iam
606 756 749 811 vaga
790 739 1044 810 prosiliet
1083 738 1253 794 frenis
1298 746 1499 792 natura.
1539 738 1790 793 remotis.

330 829 402 876 75
452 831 586 877 tune
630 824 765 878 mihi
812 824 1083 892 dominus,
1128 842 1314 879 rerum
1357 822 1604 894 imperiis
1648 823 2042 895 hominumque

450 917 534 963 tot
576 910 858 981 tantisque
903 910 1101 976 minor,
1150 928 1318 982 quem
1360 918 1448 963 ter
1489 907 1738 963 vindicta
1780 916 2087 981 quaterque

454 994 699 1066 inposita
741 995 889 1048 haud
934 1013 1177 1067 unquam
1220 994 1424 1048 misera
1465 993 1762 1049 formidine
1807 994 2032 1065 privet?

450 1081 593 1134 adde
638 1098 821 1152 super,
868 1078 1028 1135 dictis
1074 1081 1223 1152 quod
1264 1098 1379 1133 non
1419 1079 1596 1134 levius
1641 1080 1852 1135 valeat:
1897 1098 2042 1147 nam,

450 1165 567 1219 sive
612 1165 847 1221 vicarius
892 1173 979 1220 est
1022 1165 1117 1237 qui
1162 1183 1322 1219 servo
1366 1172 1544 1236 paret,
1590 1164 1673 1218 uti
1716 1185 1839 1221 mos

329 1256 405 1305 80
454 1261 641 1305 vester
686 1252 785 1321 ait,
834 1269 933 1305 seu
980 1268 1299 1318 conservus,
1345 1250 1450 1305 tibi
1493 1249 1630 1322 quid
1675 1270 1795 1305 sum
1840 1250 1980 1323 ego?
2025 1268 2232 1324 nempe

450 1345 529 1403 tu,
575 1336 710 1391 mihi
753 1336 849 1409 qui
894 1336 1201 1408 imperitas,
1250 1335 1370 1390 aliis
1415 1336 1590 1391 servis
1635 1336 1801 1391 miser
1843 1345 2012 1409 atque

450 1423 664 1476 duceris
709 1431 771 1477 ut
816 1423 1000 1477 nervis
1044 1421 1242 1476 alienis
1286 1421 1489 1475 mobile
1534 1421 1768 1494 lignum.

451 1507 705 1579 quisnam
746 1507 920 1579 igitur
962 1508 1148 1561 liber?
1194 1506 1437 1578 sapiens,
1484 1506 1591 1561 sibi
1634 1508 1730 1580 qui
1772 1507 2115 1579 imperiosae,

450 1611 616 1665 quem
686 1611 870 1665 neque
948 1592 1240 1665 pauperies
1297 1610 1479 1663 neque
1542 1611 1692 1647 mors
1757 1610 1863 1648 nec
1925 1594 2148 1648 vincula

1865 1685 2095 1747 terrent,

322 1768 397 1817 85
446 1782 774 1835 responsare
818 1762 1192 1834 cupidinibus,
1239 1770 1590 1817 contemnere
1633 1764 1872 1819 honores

444 1848 624 1916 fortis,
673 1856 733 1903 et
774 1848 833 1903 in
879 1866 937 1903 se
978 1848 1101 1919 ipso
1145 1854 1297 1903 totus
1341 1856 1488 1903 teres
1533 1856 1700 1921 atque
1743 1850 2032 1917 rotundus,

446 1933 662 1989 externi
707 1934 919 2005 nequid
962 1934 1149 1988 valeat
1190 1952 1293 2006 per
1335 1934 1462 1988 leve
1505 1935 1728 2001 morari,

448 2020 506 2073 in
540 2038 702 2093 quem
746 2037 941 2075 manea
981 2017 1095 2073 ruit
1138 2036 1358 2091 semper
1398 2019 1638 2074 fortuna.
1684 2028 1916 2092 potesne

450 2124 520 2160 ex
564 2105 649 2161 his
694 2115 758 2159 ut
801 2104 1089 2177 proprium
1132 2104 1266 2176 quid
1310 2105 1584 2159 noscere?
1631 2105 1879 2177 quinque
1922 2106 2139 2161 talenta

325 2197 400 2245 90
450 2190 631 2263 poscit
675 2197 731 2243 te
775 2191 991 2259 mulier,
1036 2198 1203 2244 vexat
1246 2189 1570 2261 foribusque
1613 2190 1900 2262 repulsum

446 2278 735 2348 perfundit
778 2275 981 2348 gelida,
1024 2294 1214 2331 rursus
1260 2283 1458 2329 vocat=
1505 2264 1658 2347 eripe
1703 2276 1854 2348 turpi

448 2362 591 2417 colla
633 2362 783 2435 iugo,
834 2359 1032 2429 “liber‚
1081 2361 1221 2415 liber
1265 2362 1420 2414 sum”
1464 2360 1553 2415 dic
1597 2379 1722 2433 age.
1767 2380 1880 2415 non
1926 2361 2082 2433 quis:

447 2455 649 2519 urguet
694 2448 837 2504 enim
886 2448 1141 2502 dominus
1184 2454 1428 2500 mentem
1471 2464 1584 2501 non
1625 2446 1766 2501 lenis
1814 2454 1872 2501 et
1913 2446 2053 2502 acris

446 2533 722 2589 subiectat
762 2534 907 2588 lasso
955 2531 1204 2587 stimulos
1247 2538 1542 2603 versatque
1587 2540 1901 2604 negantem.

323 2626 397 2675 95
450 2618 541 2673 vel
585 2638 707 2673 eum
752 2618 1025 2675 Pausiaca
1066 2626 1273 2688 torpes,
1318 2616 1533 2686 insane,
1578 2618 1802 2685 tabella,

443 2703 539 2777 qui
582 2723 779 2776 peccas
822 2705 1004 2759 minus
1048 2712 1216 2775 atque
1263 2721 1390 2774 eg0,
1438 2720 1563 2757 cum
1603 2703 1770 2758 Fulvi
1810 2704 2184 2777 Rutubaeque

446 2797 542 2845 aut
584 2790 931 2845 Placideiani
976 2796 1239 2843 contento
1282 2788 1496 2861 poplite
1539 2788 1712 2843 miror

442 2876 657 2947 proelia
698 2876 921 2931 rubrica
964 2875 1114 2947 picta
1158 2883 1256 2929 aut
1298 2876 1554 2941 carbone,
1600 2874 1753 2928 velut
1796 2874 1844 2929 si

444 2980 504 3016 re
548 2980 681 3016 vera
722 2968 996 3035 pugnent,
1042 2960 1270 3029 feriant,
1317 2959 1607 3031 vitentque
1651 2968 1941 3015 moventes

280 3052 396 3102 100
448 3066 599 3101 arma
642 3047 787 3102 viri?
832 3064 1073 3119 nequam
1116 3055 1173 3101 et
1218 3052 1465 3100 cessator
1507 3046 1726 3100 Davus:
1773 3052 1832 3101 at
1872 3045 1996 3117 ipse

444 3132 665 3187 subtilis
708 3141 958 3187 veterum
1000 3132 1172 3187 iudex
1216 3139 1274 3187 et
1318 3130 1552 3185 callidus
1597 3132 1776 3186 audis.

451 3218 532 3272 nil
576 3237 696 3291 eg0,
746 3218 792 3272 si
837 3220 1007 3273 ducor
1048 3218 1163 3272 libo
1206 3218 1484 3271 fumante:
1529 3216 1633 3271 tibi
1675 3216 1875 3287 ingens

444 3304 619 3359 virtus
665 3312 835 3377 atque
879 3304 1092 3357 animus
1139 3303 1290 3357 cenis
1333 3309 1625 3373 responsat
1669 3300 1910 3373 opimis?

448 3389 773 3460 obsequium
816 3388 1027 3444 ventris
1072 3388 1208 3443 mihi
1252 3387 1618 3461 perniciosius
1665 3396 1752 3443 est
1793 3387 1928 3443 cur?

281 3476 397 3530 105
447 3484 605 3547 tergo
649 3476 867 3548 plector
910 3474 1079 3533 enim.
1125 3473 1223 3547 qui
1265 3482 1327 3530 tu
1370 3473 1680 3546 inpunitior
1720 3474 1836 3543 illa,
