2459 3959
302 783 376 833 15

299 1211 376 1260 20

297 1637 372 1687 25

982 283 1216 338 LIBER
1252 283 1329 338 11.
1377 289 1537 340 5--6
2113 283 2251 344 Ῐ89

424 439 686 492 thesauro
741 436 966 491 invento
1009 435 1108 508 qui
1149 437 1559 494 mercennarius
1605 457 1801 510 agrum

425 524 581 578 illum
625 523 808 595 ipsum
855 531 1127 576 mercatus
1171 523 1366 590 aravit,
1414 524 1571 578 dives
1616 523 1790 580 amico

423 609 666 664 Hercule
685 608 716 662 l'
761 607 810 662 si
840 609 989 680 quod
1021 608 1180 662 adest
1207 620 1425 680 gratum
1454 609 1629 678 iuvat,
1676 610 1780 665 hae
1810 626 1979 680 prece
2017 617 2076 666 te
2116 629 2247 668 oro:

423 696 632 767 pingue
676 711 847 766 pecus
889 693 1112 747 domino
1155 693 1326 748 facias
1372 703 1429 748 et
1452 704 1637 750 cetera
1665 704 1887 766 praeter

424 780 730 851 ingenium,
777 789 949 849 utque
994 778 1142 832 soles
1187 789 1373 834 custos
1417 780 1553 834 mihi
1596 780 1869 834 maximus
1912 779 2079 835 adsis.

427 884 563 936 ergo
605 864 702 918 ubi
745 881 836 916 me
880 863 935 917 in
980 863 1182 918 montis
1227 874 1285 918 et
1340 865 1398 918 in
1444 883 1625 920 arcem
1670 884 1745 920 ex
1786 867 1923 920 urbe
1966 867 2202 936 removi,

425 950 561 1022 quid
603 949 758 1021 prius
801 947 1089 1002 inlustrem
1133 949 1319 1004 satiris
1363 950 1636 1022 Musaque
1679 950 1977 1022 pedestri?

425 1053 528 1089 nec
571 1035 720 1090 mala
761 1049 850 1086 me
893 1032 1124 1087 ambitio
1169 1035 1353 1104 perdit
1396 1054 1499 1090 nec
1542 1037 1829 1108 plumbeus
1874 1045 2063 1092 auster

424 1130 830 1190 autumnusque
873 1118 1075 1188 gravis,
1122 1119 1405 1174 Libitinae
1449 1130 1711 1193 quaestus
1756 1122 2012 1178 acerbae.

423 1205 700 1260 Matutine
744 1212 923 1276 pater,
969 1223 1066 1257 scu
1110 1204 1249 1258 Iane
1293 1205 1557 1260 libentius
1604 1206 1779 1272 audie,

423 1293 574 1346 unde
615 1289 867 1345 homines
911 1305 1140 1360 operum
1181 1290 1391 1360 primos
1436 1292 1695 1363 vitaeque
1740 1283 1957 1346 labores

423 1376 726 1431 instituunt
763 1400 854 1412 —-
895 1373 973 1427 sic
1019 1375 1103 1428 dis
1148 1375 1414 1445 placitum
1458 1404 1560 1445 —-,
1606 1386 1667 1431 tu
1710 1377 1969 1432 carminis
2010 1386 2135 1432 esto

421 1461 781 1534 principium.
824 1459 1036 1513 Romae
1081 1478 1405 1532 sponsorem
1450 1481 1539 1517 mc
1580 1462 1767 1535 rapis:
1814 1460 1977 1532 ‘heia,

422 1565 496 1602 ne
537 1548 692 1619 prior
734 1544 916 1600 officio
962 1545 1252 1616 quisquam
1298 1549 1655 1618 respondeat,
1701 1547 1913 1619 urguo!

421 1632 540 1688 sive
583 1631 771 1703 aquilo
813 1628 964 1684 radit
1005 1640 1201 1698 terras,
1250 1649 1345 1686 seu
1392 1634 1585 1687 bruma
1626 1631 1865 1687 nivalem

363 1743 368 1748 ·
421 1718 688 1772 interiore
735 1715 884 1770 diem
927 1733 1064 1786 gyro
1107 1715 1297 1784 trahit,
1340 1717 1423 1773 ire
1466 1735 1696 1774 necesse
1740 1727 1845 1775 est.

294 2149 373 2199 30

298 2575 376 2625 35

290 3004 369 3052 40

293 3431 371 3480 ⁴5

417 1804 726 1875 postmodo,
771 1803 922 1873 quod
967 1801 1040 1855 mi
1085 1801 1251 1868 obsit,
1298 1804 1443 1858 clare
1488 1813 1809 1874 certumque
1854 1803 2043 1857 locuto

418 1887 738 1942 luctandum
781 1887 839 1940 in
883 1889 1044 1941 turba
1085 1897 1142 1941 et
1186 1887 1439 1944 facienda
1476 1888 1679 1943 iniuria
1722 1888 1914 1943 tardis.

421 1973 576 2046 ‘quid
618 1972 721 2027 tibi
766 1973 883 2040 via,
941 1973 1161 2040 insane,
1222 1981 1281 2027 et
1338 1993 1503 2046 quam
1559 1994 1675 2029 rem
1735 1973 1911 2048 agis?’
1966 1973 2243 2046 inprobus

1907 2069 2111 2132 urguet

423 2143 578 2198 iratis
621 2142 907 2214 precibus:
954 2141 1034 2196 ‘tu
1079 2143 1267 2214 pulses
1312 2162 1472 2200 omne
1516 2145 1665 2216 quod
1710 2145 1914 2212 obstat,

417 2231 489 2283 ad
533 2229 910 2282 Maecenatem
957 2228 1185 2282 memori
1229 2229 1278 2283 si
1321 2239 1507 2284 mente
1552 2230 1843 2284 recurras?

417 2315 525 2368 hoc
568 2315 724 2367 iuvat
767 2323 824 2368 et
866 2313 1016 2367 melli
1063 2323 1166 2381 est,
1213 2333 1326 2368 non
1369 2314 1625 2370 mentiar.
1672 2324 1732 2369 at.
1772 2314 1937 2369 simul
1982 2324 2129 2371 atras

421 2409 646 2454 ventum
695 2407 780 2453 est
822 2398 1126 2470 ExquiliaS,
1171 2399 1356 2453 aliena
1400 2400 1628 2472 negotia
1670 2409 1891 2455 centum

419 2503 518 2558 per
561 2495 727 2557 caput
771 2493 828 2538 et
870 2484 1016 2538 circa
1060 2484 1267 2538 saliunt
1312 2484 1471 2539 latus.
1520 2484 1671 2540 ‘ante
1716 2487 2015 2542 secundam

423 2569 656 2624 Roscius
703 2570 894 2624 orabat
939 2568 1045 2623 sibi
1091 2570 1315 2625 adesses
1362 2572 1431 2624 ad
1475 2570 1673 2625 Puteal
1718 2589 1858 2627 cras.

422 2658 492 2710 de
534 2674 594 2710 re
639 2653 912 2709 communi
958 2654 1168 2709 scribae
1213 2673 1413 2725 magna
1458 2665 1625 2728 atque
1668 2674 1813 2712 nova
1852 2666 1909 2710 te

419 2743 652 2796 orabant
693 2739 861 2794 hodie
905 2739 1265 2806 meminisses,
1312 2740 1538 2808 Quinte,
1584 2739 1806 2796 reverti.

414 2825 675 2897 inprimat
718 2825 824 2892 his,
873 2841 1019 2892 cura,
1067 2826 1359 2880 Maecenas
1403 2827 1563 2898 si‘gna
1603 2824 1866 2882 tabellis.⁹

413 2911 642 2978 dixeris,
687 2909 975 2983 experiar:
1025 2909 1089 2965 ‘si
1134 2910 1239 2979 vis,
1283 2912 1459 2982 potes’
1503 2912 1661 2965 addit
1702 2921 1763 2967 et
1802 2911 1991 2966 instat.

417 2997 687 3068 septimus
732 3004 930 3051 octavo
975 2995 1202 3069 propior
1245 2995 1355 3050 iam
1397 2997 1602 3068 fugerit
1644 3014 1839 3062 annun,

424 3101 496 3136 ex
541 3101 652 3154 quo
694 3082 991 3136 Maecenas
1035 3099 1124 3137 me
1168 3081 1355 3153 coepit
1396 3083 1603 3137 habere
1646 3099 1873 3137 suorum

426 3167 484 3221 in
527 3185 779 3233 numero,
825 3167 1115 3222 dumtaxat
1159 3167 1228 3220 ad
1276 3167 1406 3236 hoe,
1454 3185 1617 3240 quem
1663 3168 1863 3223 tollere
1905 3169 2078 3222 rheda

422 3254 592 3312 vellet
636 3253 743 3307 iter
783 3251 1007 3319 faciens,
1054 3261 1111 3306 et
1155 3251 1243 3306 cui
1290 3254 1623 3308 concredere
1666 3272 1841 3326 nugas

414 3339 519 3392 hoc
540 3356 718 3412 genus
745 3336 902 3392 ‘hora
922 3347 1092 3410 quota
1115 3346 1202 3392 est
1217 3335 1246 3389 Ῥ
1292 3338 1520 3393 Thraex
1537 3347 1623 3392 est
1646 3338 1869 3394 Gallina
1886 3341 2025 3410 Syro
2046 3338 2188 3411 par?

423 3423 696 3480 matutina
739 3441 932 3495 parum
977 3433 1168 3478 cautos
1211 3421 1323 3476 iam
1366 3422 1573 3496 frigora
1614 3426 1916 3480 mordent?
