2459 3959
253 263 376 324 100
1009 270 1309 327 CARMIN
1313 271 1429 326 VM

373 427 474 480 sed
515 442 627 479 uon
670 423 806 479 haec
849 424 981 479 mihi
1024 425 1126 492 vis,
1172 441 1276 478 nec
1318 424 1421 479 tibi
1465 424 1664 478 talium·

253 518 324 567 10
373 529 463 566 res
510 518 596 566 est
638 517 732 564 aut
779 510 990 564 animus
1036 509 1356 566 deliciarum
1400 528 1591 581 egens.

369 598 579 668 gaudes
625 594 983 662 carminibus;
1031 595 1274 650 carmina
1316 613 1603 666 possumus

371 685 578 737 donare
621 689 680 736 et
721 681 960 753 pretium
1006 681 1189 735 dicere
1231 680 1494 738 muneris.

367 873 479 908 non
523 854 696 909 incisa
739 853 887 909 notis
931 873 1200 908 marmora
1243 853 1500 926 publicis,

363 958 465 1014 per
508 959 650 1012 quae
697 939 922 1011 spiritus
968 948 1024 994 et
1065 940 1180 993 vita
1220 939 1369 994 redit
1410 940 1571 994 bonis

245 1033 315 1080 15
363 1032 490 1099 post
535 1033 767 1080 mortem
812 1026 1043 1080 ducibus
1091 1025 1227 1092 [non
1272 1026 1477 1079 celeres
1520 1027 1694 1096 fugae

362 1111 712 1183 reiectaeque
754 1119 1059 1165 retrorsum
1105 1111 1435 1165 Hannibalis
1479 1111 1688 1178 minae?

361 1214 472 1250 non
515 1195 770 1250 incendia
813 1195 1159 1267 Carthaginis
1203 1196 1387 1268 inpiae

361 1282 497 1348 eius,
544 1282 638 1354 qui
683 1281 892 1335 domita
935 1300 1134 1336 nomen
1180 1283 1249 1335 ab
1294 1281 1484 1336 Africa

356 1367 598 1422 lucratus
642 1365 855 1432 rediit]‚
903 1367 1102 1422 clarius
1145 1367 1397 1421 indicant

235 1459 309 1508 20
358 1453 568 1520 laudes,
614 1471 776 1524 quam
821 1453 1088 1508 Calabrae
1130 1452 1416 1507 Pierides:
1462 1473 1673 1526 nequer

353 1625 402 1680 si
445 1626 664 1679 chartae
709 1625 907 1679 sileant
948 1626 1097 1697 quod
1140 1624 1281 1678 bene
1326 1625 1543 1695 feceriS,

351 1713 658 1765 mercedem
699 1710 913 1764 tuleris.
959 1709 1093 1782 quid
1135 1709 1279 1764 foret
1318 1711 1456 1766 Iliae

351 1795 729 1868 Mavortisque
775 1814 927 1866 puer,
974 1797 1021 1848 si
1063 1795 1411 1850 taciturnitas

351 1883 596 1936 obstaret
638 1881 847 1934 meritis
890 1880 1387 1938 invidaRomuli?

227 2059 299 2106 25
349 2059 595 2122 ereptum
644 2050 848 2122 Stygiis
892 2050 1149 2105 fluctibus
1196 2053 1438 2107 Aeacum

344 2137 522 2191 virtus
569 2145 626 2191 et
667 2137 822 2190 favor
863 2144 920 2190 et
963 2137 1152 2208 lingua
1194 2138 1505 2207 potentium

343 2231 530 2276 vatum
576 2222 840 2275 divitibus
884 2230 1169 2276 consecrat
1211 2223 1421 2277 insulis.

347 2304 600 2378 [dignum
645 2307 808 2360 laude
848 2307 1026 2362 virum
1069 2309 1234 2362 Musa
1274 2315 1428 2362 vetat
1470 2309 1668 2380 mori]

342 2392 494 2447 caelo
537 2391 700 2446 Musa
744 2394 893 2447 beat.
941 2393 1020 2447 sic
1061 2393 1211 2448 Iovis
1256 2393 1489 2449 interest

219 2568 294 2620 30
342 2565 548 2638 optatis
593 2564 768 2635 epulis
814 2565 1032 2636 inpiger
1073 2566 1359 2633 Hercules«,

339 2652 544 2705 clarum
587 2650 938 2721 Tyndaridae
982 2651 1132 2706 sidus
1179 2655 1247 2706 ab
1290 2651 1491 2707 infimis

340 2753 567 2809 quassas
613 2735 855 2806 eripiunt
898 2737 1229 2808 aequoribus
1272 2738 1429 2802 ratis,

342 2820 592 2888 [ornatus
635 2821 801 2875 viridi
844 2828 1092 2892 tempora
1132 2820 1419 2894 pampino]

337 2907 506 2962 Liber
545 2914 676 2962 vota
718 2908 891 2962 bonos
937 2906 1089 2959 ducit
1135 2909 1202 2960 ad
1249 2905 1454 2962 exitus.
