2459 3959
344 291 472 354 156
1084 297 1542 353 SATIRARVM

508 449 746 525 pellibus
793 459 851 506 et
891 452 1064 506 latum
1107 451 1331 507 demisit
1373 461 1597 523 pectore
1640 450 1871 517 clavum,

511 536 666 591 audit
709 536 996 592 continuo:
1025 536 1192 610 '‘quis
1229 539 1393 592 homo
1438 537 1529 591 hic
1572 543 1667 590 aut
1710 553 1820 608 quo
1864 542 2017 607 patre
2052 533 2233 590 natus?

384 629 462 680 30
509 631 572 677 ut
615 622 760 694 siqui
807 629 1062 694 aegrotet
1105 641 1216 696 quo
1262 625 1455 678 morbo
1499 622 1723 688 Barrus,
1775 621 1967 676 haberi

507 714 572 762 ut
616 707 803 778 cupiat
844 708 1138 776 formosus,
1187 716 1278 762 eat
1320 724 1664 781 quacunque,
1708 706 1910 778 puellis

509 792 702 847 iniciat
744 810 932 847 curam
978 793 1283 866 quaerendi
1328 793 1562 864 singula,
1608 791 1761 864 quali

507 878 580 933 sit
624 877 784 944 facie,
833 895 978 945 eura,
1023 879 1178 950 quali·
1218 881 1384 951 pede,
1432 880 1619 944 dente,
1666 876 1901 948 capillo;

508 963 589 1017 sic
633 963 730 1034 qui
772 964 1066 1034 promittit,
1115 963 1269 1030 civis,
1314 964 1508 1018 urbem
1552 961 1658 1016 sibi
1700 979 1886 1029 curae,

385 1055 458 1104 35
506 1047 797 1120 imperium
841 1049 958 1103 fore
1003 1058 1062 1102 et
1102 1049 1318 1104 Italiam
1364 1057 1421 1103 et
1464 1047 1699 1102 delubra
1742 1047 1987 1114 deorum,

506 1151 616 1204 quo
660 1142 822 1205 patre
867 1132 940 1187 sit
983 1141 1165 1200 natus,
1211 1153 1346 1188 num
1389 1134 1583 1205 ignota
1626 1137 1803 1186 matre
1847 1130 2174 1198 inhonestus,

506 1217 683 1272 omnis
728 1218 977 1272 mortalis
1021 1235 1214 1274 curare
1258 1226 1315 1273 et
1357 1235 1624 1290 quaerere
1670 1214 1835 1289 cogit.

511 1301 684 1370 ‘tune‚
733 1303 876 1374 Syri,
923 1305 1153 1371 Damae,
1201 1311 1299 1358 aut
1340 1302 1575 1374 Dionysi
1618 1303 1784 1369 filius,
1830 1304 1998 1358 audes

505 1388 722 1443 deicere
766 1407 798 1442 e
843 1406 974 1443 saxo
1021 1388 1154 1444 civis
1199 1398 1296 1442 aut
1336 1390 1557 1443 tradere
1602 1386 1855 1442 Cadmo?

383 1479 458 1530 40
507 1481 564 1528 at
585 1473 798 1528 Novius
844 1474 1073 1544 conlega
1115 1476 1291 1547 gradu
1334 1481 1463 1545 post
1504 1489 1591 1527 me
1632 1474 1791 1527 sedet
1831 1490 1971 1527 uno:

512 1576 750 1629 namque
817 1568 904 1613 est
965 1559 1077 1627 ille,
1147 1568 1307 1632 pater
1370 1561 1520 1632 quod
1586 1565 1707 1613 erat
1766 1556 1959 1614 meus?
2006 1554 2125 1610 ‘hoc
2162 1552 2249 1610 tibi

1846 1641 2069 1697 Paullus

511 1735 569 1783 et
610 1728 875 1782 Messalla
917 1727 1162 1782 videris?
1209 1736 1267 1782 at
1310 1729 1415 1795 hic,
1462 1727 1509 1782 ei
1552 1728 1763 1800 plostra
1807 1731 2043 1782 ducenta

509 1821 950 1884 concurrantque
992 1815 1113 1868 foro
1157 1814 1264 1867 tria
1306 1815 1516 1882 funera,
1563 1831 1765 1885 magna
1809 1812 2030 1868 sonabit

506 1915 711 1953 cornua
754 1899 902 1970 quod
946 1898 1242 1971 vincatque
1282 1902 1471 1953 tubas:
1538 1900 1733 1954 saltem
1790 1906 1945 1953 tenet
1986 1899 2093 1952 hoc
2132 1896 2252 1951 nos.’

381 1990 456 2042 45
504 2000 655 2038 nunc
699 1985 770 2038 ad
813 2001 901 2036 me
944 1985 1114 2038 redeo
1158 1984 1416 2038 libertino
1458 1993 1616 2055 patre
1662 1992 1868 2050 natum,

508 2087 673 2142 quem
717 2070 925 2124 rodunt
969 2087 1156 2124 omnes
1202 2069 1462 2124 libertino
1506 2075 1663 2140 patre
1708 2077 1919 2136 natum,

504 2169 669 2221 nunc,
715 2153 846 2225 quia
891 2171 1010 2206 sum
1055 2153 1177 2222 tibi,
1221 2145 1535 2221 Maecenas,
1584 2155 1885 2221 convictor,
1932 2159 1991 2207 at
2034 2150 2183 2219 olim,

503 2240 654 2310 quod
696 2238 831 2292 mihi
873 2247 1094 2309 pareret
1139 2239 1286 2311 legio
1329 2240 1577 2294 Romana
1618 2239 1861 2294 tribuno.

503 2323 769 2377 dissimile
812 2324 917 2376 hoc
961 2323 1045 2376 illi
1089 2331 1204 2390 est3
1252 2324 1381 2396 quia
1424 2341 1553 2391 non,
1598 2333 1661 2378 ut
1702 2324 1863 2379 forsit
1904 2325 2169 2378 honorem

381 2415 456 2465 50
506 2409 626 2463 iure
669 2408 802 2462 mihi
846 2407 1094 2463 invideat
1137 2409 1339 2482 quivis,
1384 2409 1463 2464 ita
1505 2417 1561 2464 te
1607 2427 1829 2482 quoque
1870 2409 2128 2477 amicum,

502 2493 825 2566 praesertim
871 2501 1090 2548 cautum
1136 2495 1333 2566 dignos
1376 2497 1681 2561 adsumere,
1728 2512 1901 2567 prava

508 2578 808 2634 ambitione
853 2580 1064 2651 procul.
1150 2579 1372 2635 felicem
1418 2581 1598 2635 dicere
1642 2597 1752 2634 non
1796 2580 1901 2634 hoc

507 2682 594 2719 me
638 2665 861 2737 possim,
910 2681 1042 2719 casu
1087 2667 1236 2736 quod
1280 2673 1337 2720 te
1383 2665 1611 2719 sortitus
1656 2664 1918 2718 amicum:

505 2750 656 2804 nulla
698 2749 900 2804 etenim
945 2750 1080 2804 mihi
1122 2757 1179 2804 te
1221 2750 1334 2804 fors
1378 2751 1612 2818 obtulit3
1658 2750 1895 2821 optimus
1940 2748 2072 2804 olim

380 2839 452 2893 55
503 2835 809 2907 Vergilius,
856 2843 983 2906 post
1026 2836 1174 2890 hunc
1215 2834 1418 2890 Varius
1462 2834 1651 2889 dixere
1696 2835 1828 2906 quid
1872 2853 2069 2891 essem.

503 2927 567 2974 ut
609 2920 737 2974 veni
783 2936 988 2994 coram,
1036 2919 1318 2991 singultim
1361 2939 1537 2992 pauca
1579 2921 1798 2974 locutus
1842 2949 1926 2958 —

498 3006 681 3060 infans
724 3023 960 3078 namque
1003 3007 1182 3079 pudor
1223 3007 1555 3077 prohibebat
1597 3005 1761 3077 plura
1800 3004 2003 3077 profari
2060 3031 2151 3044 —-

499 3109 609 3145 non
655 3109 759 3162 ego
804 3109 892 3145 me
937 3092 1083 3146 claro
1127 3099 1316 3145 natum
1362 3099 1533 3162 patre,
1584 3107 1697 3144 non
1742 3108 1847 3162 ego
1891 3091 2097 3145 circum

499 3194 585 3230 me
631 3175 959 3230 Satureiano
1003 3177 1210 3230 vectari
1252 3195 1381 3232 rura
1426 3176 1661 3244 caballo,

379 3264 452 3318 60
502 3263 597 3315 sed
642 3263 794 3332 quod
839 3279 987 3315 eram
1033 3279 1216 3317 narro.
1305 3263 1632 3332 respondere,
1680 3266 1745 3314 ut
1786 3267 1913 3314 tuus
1958 3267 2045 3315 est
2084 3278 2219 3331 mos,

496 3363 695 3417 pauca:
741 3347 915 3400 abeo:
961 3353 1016 3399 et
1059 3365 1287 3401 revocas
1332 3365 1478 3401 nono
1522 3354 1651 3417 post
1693 3363 1883 3400 mense
1924 3346 2194 3418 iubesque

500 3448 618 3484 esse
662 3428 720 3483 in
767 3429 1066 3484 amicorum
1110 3449 1363 3487 numero.
1452 3449 1712 3502 magnum
1756 3431 1864 3484 hoc
1908 3449 2013 3502 ego
2058 3433 2217 3501 duco,

498 3516 648 3586 quod
691 3515 874 3586 placui
917 3515 1038 3583 tibi,
1085 3516 1180 3588 qui
1224 3515 1375 3588 turpi
1419 3515 1657 3572 secernis
1701 3516 2017 3586 honestum,
