2459 3959
331 297 432 360 ee
834 302 1062 358 cARM.
1107 303 1253 358 Lm.
1299 247 1419 361 111.⁸
1462 309 1708 358 29-30
1784 277 1791 282 ’

462 457 710 515 Fortuna
751 474 916 513 saevo
958 458 1109 513 laeta
1151 457 1379 529 negotio
1424 465 1481 513 et

343 551 416 601 50
464 546 655 601 ludum
697 543 1026 600 insolentem
1070 544 1267 599 ludere
1310 542 1569 616 pertinax

547 636 879 686 transmutat
918 629 1159 684 incertos
1202 628 1462 696 honores,

632 733 778 771 nunc
820 713 970 784 mihi,
1014 731 1162 768 nunc
1203 713 1300 769 alii
1342 713 1599 787 benigna.

464 826 628 882 laudo
671 833 1012 880 manentem:
1059 824 1107 879 si
1149 823 1345 880 celeris
1387 823 1569 897 quatit

459 910 674 983 pinnae,
719 909 942 983 resigno
987 907 1132 982 quae‘
1174 909 1333 964 dedit
1374 917 1432 964 et
1472 928 1597 966 mea

337 1001 411 1053 55
544 997 751 1052 virtute
794 1013 882 1051 me
923 995 1148 1051 involvo
1190 996 1529 1068 probamque

634 1080 953 1155 pauperiem
996 1080 1115 1137 sine
1159 1082 1291 1137 dote
1336 1099 1564 1153 quaer0.
1664 1144 1669 1150 ,

463 1211 575 1249 non
618 1199 704 1249 est
743 1209 947 1260 meum,
991 1190 1040 1246 si
1083 1190 1296 1263 mugiat
1336 1191 1541 1246 Africis

463 1280 637 1334 malus
680 1276 956 1350 procellis,
1003 1277 1075 1332 ad
1117 1276 1347 1332 miseras
1389 1294 1582 1350 preces

547 1366 840 1420 decurrere
882 1371 942 1421 et
983 1360 1130 1418 votis
1170 1361 1391 1434 pacisci,

344 1453 420 1508 60
633 1467 705 1506 ne
751 1448 985 1522 Cypriae
1028 1448 1344 1521 Tyriaeque
1386 1465 1593 1503 merces

465 1560 674 1616 addant
715 1577 883 1616 avaro
927 1559 1149 1615 divitias
1193 1559 1351 1615 mari.

466 1653 582 1701 tum
627 1661 716 1704 me
757 1645 978 1700 biremis
1022 1645 1300 1718 praesidio
1344 1645 1578 1718 scaphae

549 1737 729 1786 tutum
769 1749 870 1804 per
911 1731 1164 1802 Aegaeos
1207 1731 1476 1785 tumultus

634 1833 768 1870 aura
807 1816 949 1872 feret
990 1816 1351 1889 geminusque
1392 1816 1612 1872 Pollux.

1217 2073 1399 2130 XXX

470 2202 649 2274 Exegi
694 2209 1105 2257 monumentum
1147 2218 1274 2256 aere
1316 2199 1613 2274 perennius

467 2286 782 2361 [regalique
827 2287 934 2342 situ
977 2287 1319 2359 pyramidum
1366 2283 1577 2353 altius‚]

467 2375 616 2446 quod
659 2391 772 2428 non
790 2421 794 2430 ,
815 2372 991 2428 imber
1033 2374 1192 2439 edax,
1239 2390 1349 2426 non
1394 2372 1579 2444 aquilo
1620 2373 1878 2445 inpotens

465 2459 645 2532 possit
687 2458 924 2526 diruere,
969 2466 1066 2512 aut
1109 2457 1526 2513 innumerabilis

388 2549 420 2600 5
469 2562 738 2600 annorum
779 2543 954 2600 series
997 2551 1055 2598 et
1096 2543 1228 2615 fuga
1270 2551 1597 2616 temporum.

466 2672 580 2710 non
624 2654 800 2710 omnis
843 2653 1066 2721 moriar,
1110 2653 1395 2726 multaque
1436 2672 1563 2726 pars
1608 2653 1720 2710 mei

468 2740 670 2796 vitabit
711 2741 1038 2797 Libitinam:
1082 2756 1258 2813 usque
1302 2757 1407 2812 ego
1450 2742 1675 2811 postera

468 2843 706 2882 crescam
749 2827 914 2882 laude
955 2843 1164 2889 reeens,
1209 2827 1339 2878 dum
1383 2823 1719 2896 Capitolium

470 2912 701 2968 scandet
741 2930 864 2967 cum
908 2911 1078 2966 tacita
1120 2909 1335 2983 virgine
1378 2911 1649 2981 pontifex.

348 3029 422 3082 10
470 3021 641 3090 dicar,
684 3039 794 3094 qua
835 3021 1046 3078 violens
1091 3021 1363 3094 obstrepit
1402 3021 1635 3076 Aufidus

353 3140 366 3146 -
470 3103 555 3174 [et
596 3124 706 3180 qua
746 3125 956 3180 pauper
998 3125 1174 3182 aquae
1215 3109 1448 3162 Daunus
1491 3106 1790 3178 agrestium

468 3192 720 3264 regnavit
761 3193 1089 3265 populorum
1133 3212 1204 3248 ex
1247 3192 1440 3248 humili
1480 3191 1705 3263 potens]

467 3276 725 3348 princeps
768 3278 1027 3334 Aeolium
1071 3296 1287 3334 carmen
1332 3280 1403 3333 ad
1447 3278 1618 3332 Italos

470 3361 767 3416 deduxisse
807 3365 1033 3419 modos:
1080 3361 1260 3431 [sume
1304 3363 1617 3435 superbiam

348 3451 422 3501 15
470 3445 773 3517 quaesitam
815 3449 1028 3504 meritis
1074 3446 1158 3516 et]
1206 3458 1262 3502 tu
1304 3449 1436 3503 mihi
1478 3446 1750 3518 Delphica

467 3529 622 3586 lauro
664 3529 825 3604 cinge
866 3535 1076 3602 volens,
1120 3533 1491 3607 Melpomene,
1534 3550 1764 3589 comam.
