2459 3959
972 348 1201 404 LIBER
1232 350 1310 405 11.
1365 358 1388 403 1
2038 344 2178 407 285

395 503 659 576 impetrat
700 512 757 557 et
800 520 992 575 pacem
1036 512 1095 557 et
1134 504 1470 576 locupletem
1515 504 1768 575 frugibus
1812 522 2036 561 annum.

394 589 639 645 carmine
682 588 741 643 di
783 588 971 659 superi
1013 589 1324 659 placantur,
1369 589 1612 643 carmine
1657 607 1870 646 manes·

398 672 675 745 agricolae
716 672 905 747 prisci,
950 673 1123 729 fortes
1168 692 1458 746 parvoque
1503 674 1674 743 beati,

223 763 348 813 140
400 760 622 815 condita
662 768 789 831 post
828 758 1108 813 frumenta
1150 760 1397 815 levantes
1440 768 1694 832 tempore
1735 760 1879 816 festo

400 862 596 915 corpus
641 855 699 901 et
739 844 922 916 ipsum
965 844 1205 899 animum
1249 864 1349 919 spe
1392 846 1516 901 finis
1563 847 1702 899 dura
1743 846 2015 902 ferentem

400 946 525 983 cum
568 930 732 985 so‘ciis
775 947 1005 1000 operum
1045 930 1236 1001 pueris
1279 940 1338 985 et
1379 932 1616 1003 coniuge
1657 932 1789 1000 fida,

400 1016 685 1071 Tellurem
728 1030 916 1093 porcO‚
960 1015 1244 1069 Silvanum
1288 1018 1432 1071 lacte
1475 1018 1723 1088 piabant,

402 1102 631 1155 floribus
675 1110 732 1155 et
774 1100 903 1154 vino
948 1100 1187 1155 Genium
1231 1119 1530 1157 memorem
1575 1103 1760 1157 brevis
1805 1102 1948 1157 aevi.

232 1192 355 1239 145
403 1185 748 1241 Fescennina
790 1203 891 1257 per
931 1185 1079 1240 hunc
1126 1186 1352 1241 inventa
1393 1187 1618 1241 licentia
1661 1206 1868 1242 morem

401 1272 653 1328 versibus
698 1269 923 1327 alternis
968 1272 1240 1343 opprobia
1281 1272 1490 1326 rustica
1529 1273 1694 1339 fudit,

408 1356 749 1429 libertasque
792 1357 1125 1411 recurrentis
1170 1367 1398 1429 accepta
1439 1376 1540 1428 per
1582 1374 1754 1411 annos

404 1442 541 1497 lusit
582 1441 908 1507 amabiliter,
956 1443 1133 1498 donec
1174 1442 1286 1497 iam
1331 1439 1524 1497 saevus
1568 1452 1815 1513 apertam

408 1529 467 1581 in
508 1527 718 1583 rabiem
763 1526 947 1598 coepit
988 1530 1132 1583 verti
1176 1527 1332 1583 iocus
1377 1536 1434 1582 et
1476 1546 1576 1599 per
1623 1530 1879 1581 honestas

240 1618 363 1669 150
410 1613 491 1665 ire
538 1615 729 1669 domos
772 1614 982 1683 inpune
1024 1614 1234 1668 minax·
1305 1601 1534 1668 doluere
1581 1624 1809 1667 cruento

412 1698 577 1753 dente
620 1697 892 1755 lacessiti:
938 1700 1044 1753 fuit
1088 1698 1310 1754 intactis
1355 1716 1578 1771 quoque
1622 1716 1754 1752 cura

410 1784 735 1839 condicione
779 1802 947 1856 super
989 1783 1298 1839 communi:
1342 1785 1476 1858 quin
1521 1784 1686 1839 etiam
1731 1784 1822 1839 lex

316 1892 325 1933 g
410 1886 703 1941 poenaque
746 1870 877 1937 lata,
922 1872 1065 1924 malo
1110 1888 1254 1942 quae
1298 1871 1474 1925 nollet
1517 1870 1760 1925 carmine
1807 1874 2157 1940 quemquami⁴

413 1954 671 2009 describi.
732 1965 951 2010 vertere
994 1945 1256 2021 modum,⁸
1283 1955 1576 2011 formidine
1621 1955 1779 2010 fustis

248 2045 366 2095 155
418 2040 490 2093 ad
533 2041 675 2095 bene
720 2041 1013 2097 dicendum
1060 2043 1561 2113 delectandumque
1604 2040 1838 2095 redacti.

419 2124 653 2180 Graecia
696 2136 859 2199 capta
902 2126 1079 2181 ferum
1124 2129 1392 2182 victorem
1441 2127 1588 2197 cepit
1631 2135 1688 2180 et
1731 2124 1863 2179 artis

421 2210 613 2264 intulit
656 2213 863 2281 agresti
907 2211 1085 2267 Latio.
1155 2213 1235 2267 sic
1279 2212 1536 2267 horridus
1581 2212 1674 2265 ille

421 2296 653 2350 defluxit
695 2298 1292 2353 numerus-Saturnius
1338 2306 1392 2351 et
1437 2316 1607 2369 grave
1651 2295 1800 2349 virus

420 2381 723 2436 munditiae
767 2384 1061 2455 pepulere:
1106 2387 1201 2439 sed
1248 2385 1305 2439 in
1349 2386 1574 2455 longum
1619 2390 1800 2435 tamen
1847 2398 2042 2433 aevum

252 2473 375 2522 160
422 2476 739 2521 manserunt
784 2468 1057 2539 hodieque
1102 2477 1329 2525 manent
1373 2468 1609 2540 vestigia
1651 2466 1811 2522 ruris.

421 2570 575 2608 serus
620 2552 767 2607 enim
816 2553 978 2609 Grais
1021 2557 1266 2611 admovit
1315 2556 1570 2609 acumina
1611 2554 1834 2617 chartiS,

425 2648 483 2694 et
524 2646 651 2710 post
694 2637 907 2693 Punica
952 2638 1097 2693 bella
1140 2642 1360 2712 quietus
1406 2657 1670 2713 quaerere
1717 2638 1922 2708 coepit,

424 2722 557 2795 quid
602 2724 901 2795 Sophocles
946 2732 1004 2777 et
1048 2725 1286 2798 Thespis
1330 2736 1387 2779 et
1432 2723 1736 2793 Aeschylus
1781 2721 1920 2776 utile
1961 2721 2198 2775 ferrent.

424 2809 717 2881 temptavit
758 2827 982 2882 quoque
1026 2828 1162 2877 rem,
1212 2812 1258 2865 si
1303 2812 1473 2883 digne
1518 2818 1737 2864 vertere
1781 2815 1988 2878 posset,

258 2899 379 2949 155
427 2904 487 2949 et
528 2894 739 2967 placuit
782 2896 889 2951 sibi
932 2904 1131 2950 natura
1174 2896 1428 2951 sublimis
1475 2904 1533 2951 et
1577 2910 1737 2948 acer:

426 2996 555 3034 nam
598 2981 771 3053 spirat
810 2981 1085 3054 tragicum
1131 2982 1268 3036 satis
1309 2990 1368 3036 et
1410 2980 1649 3035 feliciter
1692 2978 1878 3043 audet,

427 3066 528 3120 sed
569 3076 788 3138 turpem
830 3074 993 3137 putat
1034 3064 1238 3121 inscite
1283 3067 1589 3138 metuitque
1634 3062 1874 3117 lituram.

426 3150 691 3219 creditur,
736 3169 807 3205 ex
850 3152 1033 3206 medio
1080 3152 1213 3222 quia
1254 3169 1342 3207 res
1389 3151 1638 3217 arcessit,
1681 3149 1890 3203 habere

428 3236 646 3291 sudoris
690 3236 996 3303 minimum,
1042 3238 1137 3289 sed
1181 3238 1353 3291 habet
1395 3234 1683 3291 comoedia
1723 3240 1883 3287 tanto

264 3326 383 3375 1⁷0
430 3322 557 3393 plus
604 3322 807 3390 oneris,
852 3328 1061 3395 quanto
1106 3322 1306 3377 veniae
1353 3320 1556 3375 minus.
1603 3318 1820 3390 aspice,
1861 3318 2100 3373 Plautus

432 3424 544 3478 quo
587 3417 750 3479 pacto
792 3408 966 3478 partis
1011 3413 1227 3462 tutetur
1270 3406 1504 3461 amantis
1549 3403 1769 3478 ephebi,

438 3501 499 3545 ut
541 3492 715 3563 patris
760 3492 977 3558 attenti,
1024 3492 1240 3546 lenonis
1285 3501 1348 3545 ut
1390 3491 1663 3559 insidiosi,

438 3586 679 3647 quantus
724 3578 795 3630 sit
837 3578 1171 3639 Dossennus,
1208 3575 1471 3631 edacibus
1517 3576 1575 3629 in
1617 3573 1896 3647 parasitis,
