2459 3959
851 1108 1719 1237 PRAEFATIO‘

462 1503 542 1585 Q.
589 1504 849 1569 Horatii
891 1502 1117 1568 Flacci
1161 1525 1359 1589 opera
1402 1514 1475 1567 ut
1520 1504 1887 1569 scholarum
1930 1506 1997 1569 in
2042 1528 2241 1574 usum

284 1612 460 1652 nunc
516 1590 884 1655 recudenda
945 1612 1239 1653 curarem
1301 1590 1689 1655 idoneorum
1764 1590 2240 1673 exemplarium

283 1673 504 1758 inopia
544 1688 760 1740 motus
795 1698 957 1739 sum.
1007 1674 1184 1755 quod
1219 1676 1486 1756 quidem
1518 1674 1930 1741 mirabuntur
1974 1678 2089 1761 qui
2132 1678 2239 1741 in-

285 1771 553 1842 gentem
609 1760 966 1825 editionum
1025 1760 1261 1825 molem
1308 1760 1688 1847 respiciunt,
1751 1772 1815 1827 at
1860 1785 1990 1826 non
2034 1763 2236 1827 mira-

287 1844 534 1911 buntur
581 1846 694 1927 qui
738 1847 904 1913 duas
951 1857 1205 1911 tantum
1238 1870 1317 1911 ex
1341 1848 1771 1911 recentiorum
1801 1870 2068 1913 numero
2092 1848 2237 1913 iure

287 1930 512 1994 merito
557 1932 1002 2017 respiciendae
1051 1954 1194 1997 esse
1240 1931 1477 2005 sciunt,
1524 1933 1790 1997 alteram
1836 1957 1875 1998 a
1918 1934 2238 1998 Mauricio

289 2014 571 2103 Hauptio
623 2040 678 2081 a.
731 2020 888 2083 1851
951 2016 1222 2102 Lipsiae
1290 2018 1465 2104 apud
1511 2016 1977 2083 Weidmannos
2039 2018 2239 2082 ador-
2332 2048 2337 2053 ·

287 2113 522 2177 natam,
567 2102 836 2167 alteram
883 2104 992 2167 Au
1075 2106 1158 2167 sti
1199 2104 1489 2169 Meinelcii
1532 2102 1833 2166 secundis
1880 2104 2051 2167 curis
2107 2102 2241 2167 Be-

287 2186 479 2251 rolini
511 2210 565 2251 a.
593 2191 758 2254 1854
789 2210 987 2276 perpo
1019 2188 1193 2253 ‘tam.
1240 2212 1392 2252 nam
1438 2188 1777 2252 clarissimi
1822 2186 1879 2251 ei
1924 2188 2045 2251 viri
2081 2210 2239 2255 cum

288 2272 483 2355 primi
551 2275 811 2338 tandem
866 2284 932 2338 et
993 2284 1169 2339 certo
1236 2274 1721 2339 Blandim'orum
1789 2272 2090 2337 codicum
2152 2272 2245 2339 ab

288 2356 612 2444 [araquio
671 2370 1124 2445 excerptorum
1180 2360 1607 2424 fundamento
1665 2357 1854 2423 inniti
1900 2369 1963 2421 et
2008 2359 2103 2422 eis
2147 2358 2239 2423 si-

293 2443 426 2507 mul
458 2446 553 2508 uti
579 2446 835 2522 scirent,
882 2466 1051 2528 quae
1087 2467 1218 2509 non
1242 2447 1459 2510 minus
1493 2456 1665 2508 certa
1687 2444 1920 2509 summi
1944 2444 2243 2511 omnium.

297 2529 703 2596 saeculorum
764 2530 974 2595 critici
1017 2531 1399 2597 RBentleius
1452 2528 1938 2605 CLachmazmus
1990 2530 2241 2598 docue-

287 2626 464 2691 runt,
510 2615 846 2701 praeclara
887 2638 1006 2682 sua
1037 2639 1235 2702 opera
1277 2617 1348 2680 id
1380 2615 1690 2683 adsecuti
1728 2625 1899 2691 sunt,
1944 2627 2019 2678 ut
2050 2615 2237 2681 inter

287 2700 650 2783 prudentes·
707 2702 938 2766 harum
991 2724 1209 2766 rerum
1267 2700 1739 2767 existimatores
1784 2701 1913 2764 iam
1959 2698 2239 2765 dubium

288 2808 430 2849 esse
474 2810 607 2853 non
647 2787 879 2869 possit,
930 2788 1088 2867 quin
1133 2810 1303 2852 nova
1350 2786 1538 2871 quasi
1582 2788 1817 2853 horum
1862 2783 2237 2851 studiorum

289 2883 467 2935 aetas
527 2872 834 2959 coeperit.
880 2894 1103 2936 verum
1171 2871 1456 2937 tardiora
1519 2894 1661 2945 esse
1704 2869 1991 2937 remedia
2036 2892 2235 2955 quam

290 2956 462 3022 mala
507 2958 718 3024 denuo
739 2956 1058 3026 Horatius
1083 2981 1162 3023 ex
1209 2972 1386 3022 ertus
1432 2969 1549 3021 est.
1596 2969 1850 3023 tantum
1894 2954 2069 3021 enim
2114 2954 2239 3020 ab·-

289 3054 424 3105 erat
468 3054 540 3106 ut
586 3045 696 3128 qui
739 3053 963 3129 postea
999 3044 1166 3109 scho
1191 3066 1376 3107 arum
1409 3044 1557 3107 usui
1595 3042 1964 3129 prospicere
2010 3040 2233 3106 stude-

290 3120 449 3189 bant
491 3127 771 3195 editores
817 3128 1084 3194 meliora
1126 3139 1189 3193 et
1234 3127 1453 3193 doceri
1500 3139 1563 3193 et
1609 3129 1841 3192 docere
1904 3142 2246 3211 cuperent,

297 3239 306 3251 ·
345 3226 350 3233 '
404 3214 704 3279 omnibus
751 3216 842 3279 eis
877 3236 1046 3299 quae
1090 3236 1298 3299 nuper
1332 3224 1507 3279 recte
1552 3213 2004 3285 administrata
2048 3228 2237 3276 erant

290 3296 541 3363 reiectis
609 3322 856 3365 errores
924 3300 1173 3368 dudum
1242 3298 1537 3385 vulgatos
1602 3298 1706 3363 vel
1770 3308 2064 3383 repetere
2130 3295 2244 3362 vel

287 3405 527 3469 augere
592 3386 873 3451 mallent.
929 3400 1005 3451 ·et
1070 3406 1220 3451 cum
1276 3386 1501 3469 ipsum
1546 3384 1999 3469 Hauptianum
2044 3381 2241 3463 quod

289 3468 430 3533 dixi
497 3474 828 3557 exemplar
893 3472 1285 3537 nitidissima
1325 3470 1680 3533 formarum
1732 3483 1796 3533 et
1864 3468 2243 3533 chartarum

287 3555 608 3641 elegantia
643 3557 898 3644 lusigne
921 3557 1023 3625 vel
1046 3555 1129 3622 ob
1153 3555 1425 3622 nimium
1456 3553 1734 3640 pretium
1782 3574 1833 3675 a·⁸
1868 3550 2246 3617 scholarum
