2459 3959
903 275 1054 332 LIB.
1089 277 1168 332 11.
1219 284 1377 334 8-—1
1391 285 1425 335 0

311 437 384 482 at
425 447 536 482 non
581 436 672 483 ter
716 446 852 484 aevo
895 431 1114 487 functus
1159 434 1453 488 amabilem

308 514 566 585 ploravit
611 513 788 568 omnis
832 515 1192 572 Antilochum
1237 538 1405 574 senex

169 605 248 652 15
410 617 600 666 annos,
645 617 828 672 neque
872 602 1132 673 inpubem
1179 615 1437 676 parentes

493 685 727 740 Troilon
771 695 870 741 aut
909 687 1187 761 Phrygiae
1231 709 1447 745 sorores

310 815 526 868 ssevere
571 833 804 887 semper.
851 817 1041 872 desine
1084 819 1335 874 mollium

311 900 545 952 tandem
591 903 976 972 querellarum,
1023 912 1079 958 et
1122 906 1309 975 potius
1355 923 1503 960 nova

411 993 692 1040 cantemus
738 989 979 1060 Augusti
1022 999 1251 1061 tropaea

170 1075 258 1122 20
495 1069 744 1127 Caesaris
790 1082 847 1129 et
888 1074 1130 1146 rigidum
1175 1069 1479 1149 Niphaten,

315 1198 663 1271 Medumque
705 1203 909 1255 flumen
955 1202 1215 1273 gentibus
1262 1204 1513 1259 additum

312 1282 483 1337 victis
525 1285 766 1340 minores
810 1287 1031 1343 volvere
1076 1289 1333 1355 vorticcS,

402 1369 660 1442 intraque
703 1372 1105 1444 praescriptum
1151 1373 1393 1430 Gelonos

491 1455 706 1527 exiguis
753 1458 1004 1529 equitare
1049 1459 1277 1533 campis.

1129 1741 1191 1794 X

304 1884 536 1941 Rectius
579 1884 750 1951 vives,
794 1885 991 1953 Licini,
1037 1904 1220 1959 neque
1266 1888 1439 1942 altum

305 1989 526 2043 semper
570 1972 875 2042 urguendo,
921 1991 1117 2045 neque,
1167 1974 1299 2027 dum
1341 1974 1612 2046 procellas

306 2065 502 2111 cautus
545 2055 838 2122 horrescis,
884 2058 1113 2112 nimium
1155 2062 1458 2130 premendo

434 2143 566 2197 litus
608 2140 832 2198 inicum.

220 2276 253 2326 5
305 2289 531 2325 auream
575 2270 824 2343 quisquis
868 2272 1304 2328 mediocritatem

305 2356 508 2428 diligit,
555 2363 708 2411 tutus
755 2367 906 2412 caret
949 2359 1186 2414 obsoleti

307 2442 561 2497 sordibus
605 2442 759 2509 tecti,
805 2452 957 2498 caret
997 2444 1298 2500 invidenda

436 2526 652 2581 sobrius
697 2528 838 2582 aula.

307 2657 527 2729 saepius
571 2656 753 2710 ventis
799 2656 1042 2728 agitatur
1085 2657 1280 2728 ingens

181 2750 256 2799 10
304 2743 487 2816 Ρίῐιιιε,
533 2751 592 2797 et
635 2743 814 2797 celsae
857 2743 1115 2812 graviore
1161 2762 1291 2798 casu

307 2829 574 2884 decidunt
615 2838 816 2894 turres,
861 2828 1182 2900 feriuntque
1226 2847 1467 2884 summos

432 2913 664 2968 fulmina
705 2914 926 2969 montis.

311 3049 501 3114 sperat
541 3041 774 3110 infestis,
819 3042 1017 3097 met-uit
1063 3043 1319 3098 secundis

311 3128 550 3182 alteram
594 3137 798 3182 sortem
843 3128 986 3182 bene
1032 3136 1420 3201 praeparatum

187 3221 257 3272 15
305 3221 517 3287 pectus.
561 3212 810 3288 informis
855 3213 1062 3268 hiemes
1105 3216 1323 3269 reducit

437 3297 711 3372 Iuppiter,
757 3297 904 3354 idem

310 3429 630 3496 submovet3
679 3445 790 3481 nou
837 3427 884 3482 si
927 3429 1068 3482 male
1111 3446 1265 3482 nunc
1308 3437 1367 3483 et
1410 3430 1543 3484 olim

309 3514 391 3569 sic
434 3512 568 3581 erit3
615 3514 896 3585 quondam
939 3514 1152 3570 cithara
1195 3522 1473 3570 tacentem

2062 263 2204 337 41·
