2459 3959
928 315 1076 370 LIB.
1114 315 1224 372 111.
1278 321 1437 370 3—4

215 481 292 528 25
348 470 550 527 vestris
597 470 830 525 amicum
875 468 1122 524 fontibus
1167 478 1226 524 et
1271 470 1451 524 choris

349 577 462 614 non
508 576 596 612 me
640 554 916 628 Philippis
961 573 1124 611 versa
1168 555 1313 610 acies
1357 566 1525 622 retr0‚

438 645 639 697 devota
681 660 793 695 non
840 640 1079 695 extinxit
1122 643 1305 707 arbos,

521 746 624 782 nee
670 727 857 782 Sicula
898 727 1196 781 Palinurus
1242 727 1408 781 unda.

346 881 632 946 uteunque
676 890 890 927 mecum
935 891 1031 927 vos
1078 872 1250 940 eritis,
1297 875 1475 927 libens

217 967 296 1014 30
346 959 715 1013 insanientem
759 959 946 1012 navita
988 959 1301 1029 Bosporum

439 1045 726 1116 temptabo
771 1051 830 1098 et
873 1043 1084 1098 urentis
1129 1061 1325 1099 arenas

519 1129 698 1184 litoris
742 1129 957 1199 Assyrii
1003 1129 1201 1197 viator,

352 1276 530 1330 visam
575 1275 871 1330 Britannos
917 1275 1230 1348 hospitibus
1276 1276 1419 1330 feros

350 1370 408 1417 et
451 1362 656 1416 laetum
703 1361 908 1434 equino
955 1361 1222 1433 sanguine
1270 1361 1607 1428 Concanum,

221 1455 302 1502 35
442 1447 615 1502 visam
659 1448 1007 1518 pharetratos
1052 1447 1299 1502 Gelonos

531 1542 588 1588 et
633 1532 952 1604 Scythicum
998 1532 1296 1587 inviolatus
1343 1551 1577 1586 amnem.

350 1699 451 1734 vos
499 1679 789 1734 Caesarem
834 1678 1025 1744 altum,
1070 1678 1274 1732 militia
1316 1677 1479 1732 simul

351 1767 522 1822 fessas
569 1764 809 1818 cohortis
855 1763 1100 1818 reddidit
1143 1764 1380 1836 oppidis,

440 1851 598 1905 finire
642 1858 999 1921 quaerentem
1045 1849 1263 1904 labores

225 1941 308 1992 40
523 1935 711 1990 Pierio
755 1934 1016 1988 recreatis
1061 1942 1243 1991 antro·

359 2100 457 2136 vos
500 2082 629 2136 lene
675 2080 964 2136 eonsilium
1012 2091 1068 2135 et
1113 2081 1256 2136 datis
1302 2090 1361 2136 et
1403 2085 1532 2137 dato

352 2168 606 2240 gaudetis
652 2168 847 2222 almae.
896 2167 1098 2222 seimus
1145 2176 1208 2220 ut
1250 2168 1433 2240 inpios

439 2253 672 2308 Titanas
718 2253 1108 2324 inmanemque
1152 2262 1393 2307 turmam

526 2339 755 2394 fulmine
799 2339 1086 2392 sustulerit
1128 2341 1337 2393 eadueo

237 2493 313 2541 45
366 2487 464 2558 qui
507 2494 712 2541 terram
757 2485 1007 2552 inertem,
1057 2485 1150 2556 qui
1197 2503 1349 2539 mare
1393 2494 1670 2557 temperat

357 2581 664 2638 ventosum,
712 2581 770 2625 et
813 2571 964 2625 urbis
1010 2589 1293 2642 regnaque
1336 2571 1556 2647 tristia,-⁸

444 2657 711 2728 divosque
754 2656 1115 2727 mortalisque
1160 2658 1352 2711 turbas

523 2742 761 2814 imperio
805 2741 950 2814 regit
994 2761 1134 2796 unus
1179 2761 1376 2814 aequo-

361 2906 621 2960 magnum
666 2887 763 2942 illa
803 2895 1076 2941 terrorem
1120 2886 1383 2942 intulerat
1429 2887 1552 2943 Iovi

235 2982 312 3030 50
363 2975 539 3029 fidens
583 2973 846 3028 iuventus
892 2972 1116 3026 horrida
1160 2973 1420 3040 brachiis,

447 3062 760 3131 fratresque
806 3060 1101 3113 tendentes
1150 3075 1327 3128 opaco

531 3145 730 3199 Pelion
773 3143 1082 3214 inposuisse
1129 3144 1387 3216 Olympo.

364 3293 463 3346 sed
508 3290 641 3363 quid
685 3290 986 3361 Typhoeus
1030 3296 1090 3344 et
1130 3290 1345 3344 validus
1390 3289 1612 3357 Mimas,

368 3387 465 3433 aut
509 3377 642 3449 quid
688 3374 890 3429 minaci
935 3375 1281 3446 Porphyrion
1330 3383 1501 3442 statu,

239 3471 313 3519 55
451 3462 585 3536 quid
631 3462 880 3516 Rhoetus
928 3460 1241 3530 evolsisque
1284 3459 1495 3514 truncis

537 3545 852 3601 Enceladus
896 3543 1167 3599 iaculator
1211 3546 1395 3598 audax

2085 305 2171 368 59
