2459 3959
965 307 1111 363 LIB.
1155 307 1204 363 Ι.
1258 314 1411 362 7--1
1425 309 1461 361 Ο

289 467 324 516 5
376 461 618 519 dissolve
661 464 838 538 frigus
881 463 1035 536 ligna
1079 480 1247 535 super
1288 461 1413 516 foco

366 548 520 619 large
563 567 837 622 reponens
881 557 1046 621 atque
1089 546 1385 620 benignius

452 635 716 705 deprome
759 634 1106 707 quadrimum
1149 632 1379 698 Sabina,

537 737 571 774 o
614 720 959 789 Thaliarche,
1005 737 1216 774 merum
1262 718 1439 772 diota.

369 827 653 901 [permitte
699 830 842 885 divis
887 837 1096 898 cetera,
1143 828 1243 901 qui
1286 826 1451 883 simul

239 921 268 968 1
283 917 320 968 Ο
369 924 616 971 stravere
657 923 854 971 ventos
898 932 1140 986 aequore
1183 914 1399 969 fervido

457 1000 869 1073 deproeliantis‚
914 1018 1018 1056 nec
1063 998 1310 1071 cupressi

537 1103 638 1142 nec
680 1094 892 1141 veteres
937 1085 1217 1157 agitantur
1260 1081 1429 1149 orni.]

366 1195 504 1271 quid
547 1197 622 1251 sit
661 1198 906 1253 futurum
948 1214 1069 1251 cras
1112 1196 1245 1267 fuge
1290 1211 1555 1267 quaerere
1600 1202 1660 1249 et

367 1300 534 1355 quem
574 1282 687 1337 fors
732 1283 943 1337 dierum
992 1298 1209 1352 cunque
1254 1280 1410 1335 dabit
1452 1281 1605 1335 lucro

235 1374 316 1423 15
454 1369 688 1440 adpone,
730 1383 834 1423 nec
878 1368 1052 1422 dulcis
1099 1382 1312 1421 amores

537 1470 740 1525 sperne
782 1470 922 1526 puer
967 1470 1150 1523 neque
1192 1459 1255 1506 tu
1301 1451 1561 1506 choreas:

367 1564 546 1619 donec
587 1563 790 1619 virenti
831 1562 1066 1619 canities
1110 1562 1269 1617 abest

369 1666 608 1718 morosa,
655 1666 800 1703 nuuc
845 1656 902 1703 et
945 1665 1169 1719 campus
1213 1655 1273 1701 et
1315 1664 1476 1703 areae

457 1733 723 1806 lenesque
767 1735 870 1788 sub
913 1741 1134 1788 noctem
1177 1734 1387 1787 susurri
1451 1767 1455 1772 -

237 1826 320 1875 20
542 1818 829 1893 conposita
870 1827 1194 1891 repetantur
1238 1820 1395 1885 hora,

368 1948 516 1986 nunc
561 1938 616 1986 et
661 1929 884 1985 latentis
925 1929 1178 2002 proditor
1220 1929 1415 1985 intimo

369 2025 560 2089 gratus
603 2016 824 2087 puellae
865 2015 1011 2070 risus
1055 2016 1125 2070 ab
1170 2016 1375 2087 angulo

453 2101 766 2175 pignusque
805 2102 1096 2173 dereptum
1137 2100 1361 2155 lacertis

539 2192 635 2241 aut
679 2184 854 2258 digito
897 2186 1041 2241 male
1085 2185 1375 2257 pertinaci.

1176 2406 1237 2459 X

368 2543 630 2611 Mercuri,
675 2544 912 2599 facunde
954 2561 1126 2616 nepos
1169 2543 1435 2607 Atlantia,

373 2627 470 2700 qui
513 2631 661 2685 feros
707 2630 888 2683 cultus
931 2627 1214 2683 hominum
1258 2636 1544 2685 recentum

369 2732 504 2769 voce
545 2713 792 2770 formasti
836 2721 991 2768 catus
1037 2721 1094 2768 et
1138 2715 1370 2769 decorae

456 2818 609 2855 more
651 2800 977 2871 palaestrae,

283 2916 318 2965 5
369 2916 428 2964 te
471 2926 680 2979 canam,
725 2909 912 2983 magni
954 2908 1102 2979 Iovis
1147 2916 1206 2963 et
1250 2908 1479 2963 deorum

371 2994 623 3049 nuntium
669 3012 978 3067 curvaeque
1021 2994 1172 3066 lyrae
1214 3002 1523 3065 parentem,

371 3080 628 3135 callidum
673 3080 945 3153 quidquid
989 3078 1196 3154 placuit
1227 3080 1414 3134 iocoso

455 3166 695 3222 condere
735 3167 906 3222 furto.

373 3282 449 3343 te,
495 3276 665 3332 boves
711 3276 842 3332 olim
886 3275 994 3331 nisi
1037 3275 1373 3330 reddidisses

243 3362 322 3416 10
369 3378 473 3433 per
517 3362 704 3417 dolum
747 3369 974 3429 amotas,
1023 3379 1257 3434 puerum
1300 3360 1499 3414 minaci

369 3450 507 3502 'voce
549 3448 679 3503 dum
721 3454 910 3516 terret,
955 3447 1154 3503 viduus
1197 3448 1455 3519 pharetra

457 3530 583 3587 risit
623 3533 857 3606 Apollo;

2102 302 2180 363 11
