2459 3959
354 771 433 823 90

357 1200 431 1251 95

316 1625 435 1677 100

317 2053 433 2106 105

324 2482 443 2533 110

324 2908 441 2960 115

324 3334 441 3386 120

1064 354 1300 411 LIBER
1345 354 1422 409 11.
1474 360 1505 409 3

481 526 580 565 cur
622 526 727 583 ego
772 509 821 564 si
866 524 1085 583 nequeo
1137 507 1448 581 ignoroque
1491 516 1661 582 po‘eta
1703 511 1916 567 salutm·
1933 510 1962 564 ⁴?

479 612 578 651 cur
618 593 833 650 nescire
878 596 1097 666 pudens
1140 611 1315 665 prave
1359 610 1526 668 quam
1569 594 1786 650 discere
1829 596 1978 651 maio
1997 596 2026 650 ’ἓ

478 679 735 735 versibus
780 680 985 751 exponi
1026 679 1256 752 tragicis
1299 696 1390 735 res
1436 678 1644 735 comica
1687 698 1800 736 non
1845 682 1994 737 volt:

479 764 802 837 indignatur
842 764 977 821 item
1020 764 1256 838 privatis
1301 780 1368 819 ac
1411 782 1588 838 prope
1631 784 1796 823 socco

480 850 665 923 dignis
710 849 1049 907 carminibus
1094 850 1310 905 narrari
1355 866 1488 906 cena
1533 852 1839 923 Thyestae.

482 935 700 1010 singula
745 952 1001 1010 quaeque
1046 937 1230 992 locum
1273 943 1506 992 teneant
1549 937 1748 993 sortita
1793 940 2104 993 decentem.

480 1021 763 1078 interdum
805 1030 993 1077 tamen
1038 1031 1097 1077 et
1140 1038 1336 1077 vocem
1379 1023 1670 1077 comoedia
1709 1022 1886 1093 tollit,

481 1107 769 1180 iratusque
814 1105 1082 1163 Chremes
1126 1108 1342 1163 tumido
1388 1107 1646 1179 delitigat
1693 1126 1824 1178 ore3

481 1200 539 1249 et
579 1193 826 1265 tragicus
870 1192 1202 1265 plerumque
1247 1192 1404 1248 dolet
1448 1210 1703 1249 sermone
1747 1193 1998 1265 pedestri

481 1277 769 1351 Telephus
812 1286 871 1334 et
912 1278 1136 1347 Peleus,
1183 1296 1309 1333 cum
1350 1296 1564 1351 pauper
1609 1286 1668 1335 et
1712 1280 1843 1334 exul
1887 1288 2124 1353 uterque

482 1363 688 1435 proicit
731 1364 1001 1435 ampullas
1046 1371 1107 1419 et
1148 1364 1560 1436 sesquipedalia
1602 1367 1798 1434 verba,

482 1447 530 1503 si
575 1456 733 1504 curat
776 1466 874 1504 cor
914 1448 1221 1523 spectantis
1266 1448 1520 1521 tetigisse
1563 1450 1838 1521 querella.

480 1551 595 1589 non
640 1533 775 1591 satis
822 1542 908 1589 est
951 1536 1184 1607 pulchra
1228 1550 1354 1591 esse
1397 1542 1686 1607 poemata:
1731 1533 1916 1590 dulcia
1959 1541 2125 1589 sunto

484 1626 541 1674 et
584 1638 921 1693 quoeunque
963 1621 1159 1675 volent
1201 1620 1448 1675 animum
1492 1619 1760 1675 auditoris
1805 1628 2034 1692 agunto.

481 1712 545 1759 ut
587 1704 898 1761 ridentibus
943 1705 1225 1773 adrident‚
1274 1704 1354 1760 ita
1395 1706 1660 1761 flentibus
1705 1707 1920 1761 adflent

484 1791 713 1846 humani
757 1792 961 1846 voltus.
1010 1791 1059 1847 si
1100 1791 1184 1847 vis
1228 1808 1319 1846 me
1361 1791 1515 1860 flere,
1561 1792 1866 1848 dolendum
1907 1798 1998 1845 est

2134 352 2272 413 241

481 1875 723 1949 primum
764 1876 874 1949 ipsi
918 1876 1053 1931 tibi:
1097 1885 1232 1932 tunc
1275 1884 1376 1931 tua
1417 1892 1508 1932 me
1549 1876 1856 1935 infortunia
1899 1875 2144 1942 laedent,

482 1961 734 2035 Telephe
777 1964 868 2017 vel
909 1962 1116 2017 Peleu:
1160 1962 1306 2019 male
1349 1959 1398 2017 si
1439 1964 1704 2019 mandata
1746 1961 2015 2034 loqueris,

482 2056 579 2103 aut
621 2047 935 2104 dormitabo
979 2056 1075 2102 aut
1116 2048 1334 2105 ridebo,
1381 2048 1564 2103 tristia
1605 2056 1882 2105 maestum

483 2133 699 2189 voltum
740 2135 915 2189 verba
957 2135 1177 2202 decent,
1222 2132 1427 2188 iratum
1471 2135 1638 2206 plena
1683 2134 1979 2197 minarum,

487 2220 775 2275 ludentem
820 2218 1047 2287 lasciva,
1094 2236 1350 2274 severum
1395 2219 1542 2274 seria
1584 2220 1758 2275 dictu.

491 2305 670 2360 forma
712 2304 859 2360 enim
902 2311 1103 2359 natura
1142 2302 1300 2377 prius
1345 2321 1447 2359 nos
1490 2304 1640 2361 intus
1685 2307 1758 2360 ad
1801 2318 2022 2360 omnem

493 2391 842 2446 fortunarum
884 2389 1163 2458 habitum3
1209 2388 1366 2444 iuvat
1407 2398 1506 2446 aut
1547 2390 1772 2464 inpellit
1815 2391 1887 2444 ad
1929 2388 2090 2455 iram,

490 2484 587 2531 aut
630 2477 703 2531 ad
744 2476 969 2529 humum
1014 2492 1266 2531 maerore
1309 2475 1466 2547 gravi
1511 2476 1740 2531 deducit
1783 2484 1840 2531 et
1884 2474 2076 2547 angit:

488 2568 619 2635 post
663 2561 823 2617 effert
865 2559 1037 2615 animi
1080 2568 1266 2615 motus
1310 2560 1618 2633 interprete
1661 2562 1870 2635 lingua.

490 2646 537 2701 si
583 2645 819 2701 dicentis
869 2652 1033 2701 erunt
1074 2645 1314 2701 fortunis
1359 2648 1571 2702 absona
1613 2648 1782 2716 dicta,

487 2731 725 2787 Romani
768 2730 974 2787 tollent
1016 2730 1234 2803 equites
1277 2731 1607 2804 peditesque
1653 2732 2004 2789 cachinnum.

488 2816 745 2874 intererit
786 2816 1022 2871 multum
1063 2817 1331 2872 Davusne
1375 2817 1638 2889 loquatur
1679 2836 1751 2873 an
1792 2818 1978 2885 heros,

489 2911 816 2959 maturusne
861 2919 1037 2957 senex
1080 2920 1149 2957 an
1194 2902 1376 2957 adhuc
1417 2905 1652 2959 florente
1696 2902 1926 2958 iuventa

491 2987 759 3055 fervidus,
807 2995 865 3043 et
906 2994 1159 3043 matrona
1199 2996 1400 3060 potens
1445 3006 1516 3043 an
1561 2988 1754 3043 sedula
1797 2988 2008 3056 nutrix,

490 3080 837 3130 mercatorne
880 3090 1055 3145 vagus
1100 3075 1354 3129 cultorne
1397 3072 1628 3128 virentis
1672 3073 1864 3147 agelli,

489 3159 727 3215 Colchus
772 3176 843 3214 an
888 3157 1173 3229 Assyrius,
1222 3156 1436 3213 Thebis
1479 3158 1722 3214 nutritus
1766 3172 1837 3213 an
1881 3157 2080 3231 Argis.

490 3252 588 3299 aut
628 3245 831 3299 famam
876 3262 1112 3317 sequere
1156 3252 1255 3301 aut
1297 3241 1407 3298 sibi
1451 3244 1838 3300 convenientia
1880 3244 2056 3316 finge.

490 3329 735 3404 scriptor
776 3328 1120 3386 Homereum
1163 3330 1211 3386 si
1251 3328 1398 3384 forte
1438 3330 1664 3404 reponis
1707 3329 2004 3397 Achillem,

489 3414 711 3489 inpiger
753 3413 1069 3484 iracundus,
1113 3413 1474 3472 inexorabilis
1518 3434 1648 3472 acer

495 3499 618 3555 iura
660 3507 830 3572 neget
874 3499 980 3554 sibi
1022 3510 1171 3570 nata,
1217 3499 1358 3555 nihil
1401 3519 1516 3557 non
1558 3503 1796 3573 adroget
1841 3498 2032 3557 armis.

497 3585 571 3640 sit
610 3584 815 3641 Medea
858 3584 1017 3641 ferox
1058 3587 1394 3659 invictaque,
1437 3586 1642 3643 flebilis
1685 3588 1805 3655 Ino,
