2459 3959
276 297 407 358 2⁰6
996 295 1554 351 EPISTVLARVM

404 454 567 529 fingit
610 471 815 527 equum
858 459 1053 507 tenera
1098 447 1334 505 docilem
1381 448 1600 505 cervice
1645 448 1912 523 magister

282 547 354 597 65
406 542 489 597 ire
533 541 682 595 viam
725 556 838 611 qua
880 546 1155 593 monstret
1200 554 1400 608 eques:
1443 535 1752 602 venaticus,
1799 554 1872 590 ex
1915 552 2028 607 quo

404 636 658 700 tempore
704 624 983 679 cervinam
1024 624 1234 695 pellem
1279 620 1504 675 latravit
1548 620 1603 674 in
1651 621 1798 687 aula,

405 712 608 767 militat
650 712 709 767 in
752 710 905 764 silvis
950 709 1185 763 catulus.
1221 724 1370 761 nunc
1413 705 1617 761 adhibe
1659 718 1801 777 puro

412 807 637 870 pectore
679 797 851 851 verba
895 813 1051 867 puer,
1096 810 1246 847 nunc
1287 801 1345 847 te
1391 791 1713 847 melioribus
1759 792 1913 847 offer.

405 902 515 955 quo
562 882 733 937 semel
777 890 863 935 est
906 881 1103 935 inbuta
1144 897 1362 945 recens,
1410 878 1654 933 servabit
1699 880 1926 933 odorem

279 973 353 1024 70
400 977 545 1023 testa
592 968 709 1022 diu.
756 968 908 1037 quod
952 966 999 1019 si
1043 983 1226 1021 cessas
1275 972 1372 1018 aut
1416 971 1672 1017 strenuus
1721 963 1923 1031 anteis,

401 1070 506 1109 nec
548 1054 769 1109 tardum
814 1052 1074 1125 opperior
1118 1068 1221 1105 nec
1263 1047 1726 1122 praecedentibus
1770 1050 1935 1105 insto.

1206 1393 1300 1448 111

399 1567 509 1621 Iuli
551 1567 741 1639 Flore,
788 1567 991 1639 quibus
1034 1576 1307 1621 terrarum
1351 1566 1556 1621 militet
1599 1567 1709 1621 oris

402 1652 668 1707 Claudius
712 1653 957 1725 Augusti
1001 1652 1312 1725 privignus,
1363 1652 1504 1707 scire
1548 1653 1762 1709 laboro-

398 1738 690 1793 Thracane
732 1757 831 1793 vos
875 1740 1212 1809 Hebrusque
1258 1738 1432 1791 nivali
1473 1741 1744 1810 compede
1786 1739 2020 1807 vinctus,

400 1842 470 1878 an
514 1824 658 1878 freta
702 1824 913 1878 vicinas
958 1824 1107 1879 inter
1151 1824 1426 1878 currentia
1469 1825 1661 1891 turris,

318 1917 347 1965 5
399 1928 469 1964 an
514 1909 747 1981 pingues
791 1910 960 1965 Asiae
1004 1902 1183 1979 campi
1228 1909 1506 1981 collesque
1549 1909 1877 1964 morantur?

401 1994 536 2067 quid
580 1995 831 2049 studiosa
876 1996 1073 2049 cohors
1118 2012 1348 2067 operum
1393 1994 1603 2049 struit?
1650 1996 1757 2049 hoc
1800 2012 2024 2068 quoque
2069 2012 2219 2050 curo.

399 2080 523 2152 quis
568 2080 675 2135 sibi
718 2099 807 2136 res
853 2089 1036 2151 gestas
1079 2079 1325 2151 Augusti
1370 2080 1610 2134 scribere
1655 2080 1857 2135 sumit?

400 2166 550 2219 bella
593 2166 717 2238 quis
765 2175 822 2221 et
864 2183 1027 2239 paces
1072 2165 1304 2237 longum
1350 2166 1610 2219 diffundit
1653 2167 1710 2221 in
1757 2164 1993 2221 aevum?

400 2251 535 2323 quid
578 2252 781 2320 Titius,
827 2252 1079 2305 Romana
1122 2252 1283 2306 brevi
1327 2260 1598 2305 venturus
1641 2251 1696 2305 in
1745 2252 1884 2305 ora?

280 2344 353 2391 10
399 2336 681 2391 Pindarici
724 2336 894 2391 fontis
940 2337 1036 2409 qui
1080 2355 1192 2392 non
1241 2338 1510 2409 expalluit
1552 2338 1806 2409 haustus,

398 2422 649 2477 fastidire
691 2423 844 2477 lacus
891 2431 948 2477 et
990 2422 1139 2477 rivos
1185 2441 1350 2477 ausus
1396 2431 1640 2493 apertos.

397 2515 463 2561 ut
502 2507 693 2561 valet?
738 2517 802 2564 ut
844 2508 1096 2563 meminit
1137 2508 1358 2563 nostri?
1401 2509 1680 2563 fidibusne
1723 2507 1938 2564 Latinis

397 2593 695 2648 Thebanos
741 2601 933 2665 aptare
977 2595 1170 2647 modos
1216 2596 1406 2649 studet
1448 2594 1670 2666 auspice
1714 2595 1897 2663 Musa,

400 2696 466 2731 an
512 2679 725 2749 tragica
770 2678 1019 2734 desaevit
1063 2687 1121 2734 et
1163 2681 1500 2752 ampullatur
1541 2681 1599 2734 in
1645 2681 1808 2735 arte?

280 2770 351 2819 15
402 2763 538 2836 quid
580 2764 720 2819 mihi
769 2764 964 2820 Celsus
1010 2765 1171 2835 agit?
1215 2765 1458 2820 monitus
1501 2766 1849 2837 multumque
1893 2769 2220 2834 monendu8‚

397 2849 643 2922 privatas
686 2859 749 2906 ut
794 2858 1029 2922 quaerat
1073 2870 1205 2923 opes
1254 2861 1310 2906 et
1351 2860 1580 2923 tangere
1625 2850 1784 2905 vitet-

400 2935 623 3007 scripta‚
668 2935 957 2991 Palatinus
1002 2954 1368 3009 quaecunque
1409 2936 1624 3009 recepit
1665 2937 1891 3009 Apollo,

398 3038 487 3087 ne,
533 3020 580 3074 si
622 3022 767 3075 forte
811 3040 938 3075 suas
982 3024 1286 3093 repetitum
1331 3022 1547 3077 venerit
1589 3021 1722 3076 olim

396 3124 538 3177 grex
581 3106 767 3161 avium
810 3107 1047 3179 plumas,
1094 3116 1318 3163 moveat
1363 3107 1642 3162 cornicula
1684 3108 1858 3162 risum

274 3197 350 3247 20
397 3190 617 3246 furtivis
662 3196 870 3249 nudata
912 3192 1210 3249 coloribus.
1269 3193 1388 3264 ipse
1433 3193 1568 3265 quid
1612 3194 1824 3249 audes?

398 3294 541 3348 quae
586 3277 993 3332 circumvolitas
1038 3280 1199 3351 agilis
1246 3277 1475 3351 thyma?
1519 3296 1632 3334 non
1675 3279 1779 3333 tibi
1823 3297 2054 3352 parvum

398 3361 698 3433 ingenium,
744 3382 859 3417 non
898 3362 1167 3419 incultum
1214 3373 1300 3421 est
1344 3372 1398 3419 et
1439 3364 1678 3436 turpiter
1721 3364 1954 3419 hirtum=

398 3464 498 3499 seu
540 3446 787 3517 linguam
831 3450 1037 3505 caussis
1082 3450 1254 3518 acuis,
1300 3468 1396 3503 seu
1445 3448 1619 3503 civica
1660 3450 1784 3504 iura

396 3532 734 3604 respondere
774 3550 957 3605 paras,
1003 3554 1101 3591 seu
1145 3535 1337 3593 condis
1383 3534 1620 3591 amabile
1663 3553 1905 3606 carmen,
