2459 3959
285 289 376 350 ω
1055 292 1479 350 CARMINVM

418 456 612 506 contra
655 452 944 503 sonantem
988 445 1232 502 Palladis
1279 448 1481 520 aegida

414 540 643 609 possent
681 531 949 589 ruentes?
992 531 1126 587 hinc
1170 530 1367 589 avidus
1413 532 1572 588 stetit

499 619 801 686 Volcanus,
854 617 984 672 hinc
1027 626 1282 674 matrona
1325 618 1485 686 Iuno,
1532 626 1589 673 et

293 709 365 758 60
584 721 868 776 nunquam
911 701 1116 759 umeris
1157 703 1441 777 positurus
1486 722 1695 770 arcum,

413 875 509 946 qui
549 893 676 930 rore
719 894 860 948 puro
903 872 1182 931 Castaliae
1224 874 1363 930 lavit

413 960 577 1016 crinis
621 961 852 1028 solutos,
899 961 995 1031 qui
1038 960 1246 1032 Lyciae
1288 969 1447 1017 tenet

496 1048 722 1101 dumeta
763 1044 1115 1118 natalemque
1158 1046 1371 1113 silvam,

586 1131 786 1187 Delius
833 1139 894 1188 et
934 1132 1206 1186 Patareus
1251 1131 1481 1204 Apollo.

286 1309 360 1358 65
409 1301 492 1357 vis
538 1299 734 1358 consili
777 1321 978 1375 expers
1022 1303 1166 1358 mole
1209 1303 1321 1357 ruit
1367 1321 1483 1370 sua,

409 1387 519 1442 vim
561 1394 927 1459 temperatam
972 1388 1029 1443 di
1075 1406 1298 1461 quoque
1341 1389 1656 1460 provehunt

489 1473 548 1527 in
591 1472 798 1542 maius3
844 1474 993 1530 idem
1039 1475 1208 1529 odere
1251 1473 1397 1528 vires

575 1576 740 1615 omne
783 1560 939 1615 nefas
983 1559 1168 1615 animo
1213 1559 1507 1615 moventis.

405 1729 587 1798 [testis
631 1747 876 1786 mearum
922 1731 1268 1786 centimanus
1316 1730 1463 1803 Gyes

280 1822 354 1872 70
402 1814 817 1884 sententiarum,
861 1824 1026 1871 notus
1071 1825 1130 1870 et
1170 1817 1423 1889 integrae

483 1909 787 1973 temptator
830 1900 1005 1957 Orion
1049 1901 1286 1968 Dianae,

568 1986 823 2060 virginea
868 1987 1110 2043 domitus
1158 1983 1406 2059 sagitta.]

399 2156 604 2213 iniecta
647 2157 912 2214 monstris
959 2160 1136 2214 Terra
1179 2161 1335 2216 dolet
1377 2161 1513 2228 suis,

397 2251 716 2315 maeretque
759 2252 952 2316 partus
998 2245 1226 2301 fulmine
1272 2245 1514 2301 luridum

278 2334 348 2382 75
482 2327 678 2383 missos
723 2330 796 2382 ad
840 2328 1076 2398 Orcum3
1121 2349 1225 2386 nec
1268 2332 1488 2403 peredit

567 2412 866 2486 inpositam
911 2417 1059 2472 celer
1099 2415 1244 2489 ignis
1288 2417 1543 2483 Aetnam,

397 2584 791 2641 incontinentis
835 2603 939 2643 nec
981 2587 1136 2660 Tityi
1180 2589 1335 2644 iecur

396 2669 622 2743 reliquit
665 2671 799 2739 ales,
845 2673 1130 2744 nequitiae
1174 2675 1395 2729 additus

479 2764 700 2823 custos3
748 2765 1048 2814 amatorem
1093 2765 1377 2814 trecentae

270 2843 346 2896 SO
563 2840 878 2898 Pirithoum
922 2843 1184 2899 cohibent
1227 2854 1475 2900 catenae.

1205 3125 1263 3180 V

394 3270 560 3326 Caelo
604 3275 893 3325 tonantem
940 3269 1279 3326 credidimus
1322 3270 1518 3325 Iovem

394 3371 657 3426 regnare:
700 3373 964 3427 praesens
1009 3355 1168 3411 divus
1212 3356 1510 3412 habebitur

474 3440 762 3511 Augustus
807 3439 1040 3496 adiectis
1084 3440 1371 3496 Britannis

559 3523 790 3596 imperio
831 3526 1209 3600 gravibusque
1252 3528 1458 3584 Persis.
