2459 3959
245 471 325 521 40

242 898 323 948 45

239 2180 315 2230 10

237 2607 313 2657 15

232 3036 311 3087 20

230 3465 306 3517 25

905 309 1141 365 LIBER
1183 310 1232 366 Ι.
1287 317 1310 364 1
1329 315 1533 366 5—16

374 463 583 533 aiebat,
630 460 698 519 ‘si
742 462 837 536 qui
884 465 1189 519 comedunt
1230 464 1398 531 bona,
1445 482 1570 519 cum
1613 462 1688 519 sit
1731 464 1904 520 obeso

372 550 454 606 nil
496 548 697 605 melius
742 550 928 617 turdo,
974 550 1053 604 nil
1099 549 1268 604 volva
1307 549 1596 622 pulchrius
1639 550 1870 621 ampla.’

374 636 635 691 nimirum
678 634 773 689 hic
817 652 924 706 ego
970 653 1111 690 sum.
1155 652 1284 690 nam
1328 643 1450 689 tuta
1494 642 1552 690 et
1592 636 1825 706 parvola
1864 636 2053 701 laud0‚

372 739 500 776 cum
542 740 633 775 res
678 721 965 785 deficiunt,
1015 719 1151 776 satis
1195 720 1345 775 inter
1385 719 1520 775 vilia
1560 720 1752 775 fortis:

369 824 565 861 verum
608 805 703 860 ubi
749 806 887 879 quid
931 806 1127 860 melius
1174 806 1451 878 contingit
1494 812 1552 861 et
1595 807 1836 874 unctius,
1883 807 2033 863 idem

372 910 473 947 vos
518 908 715 964 sapere
760 900 820 946 et
862 891 1011 946 solos
1057 891 1146 945 aio
1194 892 1341 947 bene
1383 892 1592 960 vivere,
1641 910 1881 965 quorum

370 976 717 1050 conspicitur
758 976 955 1031 nitidis
999 978 1232 1031 fundata
1277 977 1516 1051 pecunia
1557 977 1724 1033 villis.

1148 1259 1297 1316 XVI

367 1405 459 1460 Ne
502 1402 847 1477 perconteris
889 1403 1100 1460 fundus
1144 1423 1322 1472 meus,
1371 1405 1581 1477 optime
1625 1404 1839 1475 Quinti,

368 1509 502 1545 arvo
545 1498 741 1563 pascat
787 1506 944 1543 erum
992 1508 1063 1543 an
1108 1490 1264 1545 bacis
1311 1491 1601 1563 opulentet
1643 1492 1846 1561 olivae,

366 1576 619 1648 pomisne
662 1592 733 1629 an
776 1573 953 1645 pratis
998 1593 1071 1630 an
1116 1575 1320 1630 amicta
1361 1576 1570 1631 vitibus
1615 1578 1789 1646 ulma,

367 1662 642 1717 scribetur
684 1658 789 1714 tibi
829 1660 1011 1715 forma
1053 1661 1368 1732 loquaciter
1409 1668 1466 1717 et
1511 1660 1650 1717 situs
1695 1662 1833 1736 agri.

364 1747 617 1802 continui
658 1752 894 1812 montes,
942 1745 1000 1801 ni
1047 1746 1426 1802 dissocientur
1469 1763 1644 1819 opaca

362 1834 529 1902 valle,
576 1832 675 1887 sed
719 1838 801 1903 ut·
826 1832 1055 1887 veniens
1102 1834 1361 1887 dextrum
1400 1834 1552 1887 latus
1597 1832 1830 1905 aspiciat
1873 1835 1978 1902 sol,

364 1920 588 1974 laevum
630 1916 905 1971 decedens
952 1936 1117 1972 curru
1162 1918 1413 1989 fugiente
1458 1927 1709 1992 vaporet.

364 2002 695 2077 temperiem
738 2001 954 2061 laudes.
1002 2004 1155 2077 quid,
1206 2004 1254 2059 si
1297 2004 1610 2059 rubicunda
1654 2002 1884 2075 benigni

366 2108 537 2145 corna
578 2104 779 2161 vepres
824 2094 883 2142 et
923 2108 1108 2161 pruna
1152 2090 1382 2145 ferant?
1426 2090 1474 2145 si
1519 2107 1755 2161 quercus
1803 2097 1862 2143 et
1902 2089 2018 2145 ilex

363 2176 539 2231 multa
582 2174 747 2244 fruge
791 2189 979 2243 pecus,
1026 2174 1207 2230 multa
1252 2175 1536 2230 dominum
1581 2175 1737 2230 iuvet
1781 2175 2019 2230 umbra?

363 2262 513 2317 dicas
560 2261 863 2315 adductum
906 2260 1139 2332 propius
1182 2262 1442 2315 frondere
1489 2261 1816 2316 Tarentum.

361 2348 485 2401 fons
531 2345 699 2401 etiam
744 2344 867 2399 rivo
915 2346 1049 2401 dare
1097 2364 1301 2402 nomen
1345 2345 1599 2411 idoneus,
1644 2352 1709 2400 ut
1751 2362 1855 2401 nec

361 2431 620 2503 frigidior
665 2431 942 2486 Thracam
985 2448 1093 2485 nec
1142 2432 1338 2503 purior
1381 2432 1589 2487 ambiat
1630 2432 1880 2501 Hebrus,

358 2518 577 2573 infirmo
622 2516 792 2588 capiti
834 2516 960 2570 fluit
1003 2516 1179 2585 utilis,
1226 2517 1381 2572 utilis
1427 2518 1574 2574 alvo·

361 2604 467 2658 hae
509 2602 757 2657 latebrae
802 2601 993 2657 dulces
1039 2610 1113 2669 et,
1162 2602 1276 2657 iam
1320 2603 1368 2657 si
1413 2603 1610 2670 credis,
1657 2620 1940 2670 amoenae,

360 2688 693 2743 incolumem
737 2687 844 2742 tibi
885 2706 973 2743 me
1018 2696 1310 2761 praestant
1355 2688 1765 2761 septembribus
1808 2688 1980 2743 horis.

360 2783 425 2829 tu
465 2781 621 2829 recte
665 2771 825 2841 vivis,
872 2773 921 2829 si
966 2792 1124 2829 curas
1174 2791 1299 2829 esse
1345 2775 1496 2847 quod
1541 2773 1720 2828 audis.

357 2859 625 2915 iactamus
668 2858 780 2914 iam
822 2858 1039 2931 pridem
1086 2860 1266 2914 omnis
1313 2867 1372 2913 te
1413 2860 1592 2914 Roma
1635 2860 1894 2913 beatum:

360 2946 461 3000 sed
502 2962 701 3001 vereor
744 2962 815 2999 ne
860 2944 949 3000 cui
994 2946 1063 3000 de
1110 2952 1168 2999 te
1212 2947 1341 3018 plus
1387 2962 1555 3017 quam
1598 2943 1703 2998 tibi
1747 2944 1960 3011 credas,

359 3049 501 3087 neve
546 3037 709 3103 putes
755 3030 925 3085 alium
970 3030 1536 3107 sapiente-bonoque
1578 3029 1823 3092 beatum,

356 3134 487 3184 neu,
532 3116 579 3171 si
621 3124 681 3171 te
724 3116 967 3189 populus
1014 3134 1210 3171 sanum
1257 3124 1520 3188 recteque
1565 3114 1847 3169 valentem

358 3202 593 3269 dictitet,
640 3202 917 3257 occultam
956 3201 1159 3257 febrim
1204 3203 1309 3257 sub
1354 3209 1573 3273 tempus
1618 3198 1823 3254 edendi

358 3286 693 3355 dissimules,
739 3288 920 3343 donec
963 3288 1221 3344 manibus
1268 3295 1480 3342 tremor
1521 3284 1734 3340 incidat
1775 3282 1980 3341 unctis.

356 3374 653 3429 stultorum
697 3372 951 3429 incurata
990 3375 1177 3446 pudor
1221 3374 1398 3428 malus
1445 3372 1636 3428 ulcera
1679 3371 1841 3427 celat.

354 3458 527 3531 siquis
571 3460 723 3515 bella
768 3459 872 3514 tibi
916 3466 1071 3533 terra
1113 3467 1366 3532 pugnata
1409 3457 1675 3530 marique

354 3544 504 3601 dicat
546 3552 606 3602 et
646 3545 733 3601 his
776 3543 961 3601 verbis
1006 3563 1213 3601 vacuas
1260 3545 1603 3619 permulceat
1646 3542 1812 3613 auris,

2079 304 2204 367 221
