2459 3959
285 240 421 315 m
986 241 1546 300 EPISTVLARVM

456 406 515 457 et
555 398 785 471 longum
827 404 961 453 noto
1006 396 1268 470 scriptori
1309 402 1578 469 prorogat
1605 415 1824 453 aevum.

420 492 589 552 ,sunt
632 483 837 541 delicta
876 491 1065 538 tamen
1108 481 1312 555 quibus
1354 481 1638 555 ignovisse
1681 482 1953 542 velimus:

458 588 587 625 nam
604 586 787 641 neque
804 568 1011 623 chorda
1026 586 1225 623 sonum
1247 568 1438 625 reddit
1458 586 1622 641 quem
1638 569 1755 625 volt
1775 587 1973 629 manus
1987 575 2046 625 et
2059 585 2252 649 ,mapa

462 654 831 726 poscentique
874 670 1101 725 gravem
1143 670 1414 727 persaepe
1457 652 1694 709 remittit
1737 662 2010 723 acutum,-

298 744 417 797 850
464 758 571 795 nec
613 758 833 811 semper
874 739 1035 794 feriet
1078 741 1450 813 quodcunque
1491 737 1795 794 minabitur
1835 756 2015 799 arcus·

462 844 657 881 verum
702 825 797 881 ubi
840 824 1003 897 plura
1045 824 1230 881 nitent
1273 823 1332 878 in
1376 822 1636 892 carmine,
1681 843 1796 879 non
1841 842 1946 897 ego
1988 824 2190 900 paucis

463 912 716 967 offendar
758 910 1009 977 maculis,
1057 927 1193 984 quas
1238 918 1336 965 aut
1375 909 1592 967 incuria
1629 910 1796 977 fudit,

460 1004 557 1052 aut
597 997 839 1053 humana
878 1014 1075 1068 parum
1118 995 1266 1051 cavit
1309 1004 1526 1051 natura.
1571 996 1705 1068 quid
1751 1012 1885 1067 ergo
1929 1002 2018 1053 est
2038 996 2067 1049 ⁴?
2163 1030 2180 1072 3

466 1089 533 1136 ut
572 1081 814 1153 scriptor
858 1080 907 1137 si
949 1089 1145 1153 peccat
1185 1082 1336 1137 idem
1379 1080 1640 1135 librarius
1685 1098 1888 1153 usque,

302 1173 421 1224 855
469 1166 718 1239 quamvis
762 1174 849 1221 est
891 1166 1151 1234 monitus,
1195 1165 1362 1222 venia
1405 1174 1578 1239 caret,
1625 1176 1686 1221 ut
1730 1166 2089 1224 citharoedus

468 1252 701 1319 ridetur,
751 1252 957 1307 chorda
1002 1251 1098 1325 qui
1144 1268 1365 1325 semper
1409 1254 1633 1309 oberrat
1675 1254 1892 1327 eadem,

467 1336 548 1392 sic
588 1336 743 1403 mihi,
788 1336 887 1409 qui
928 1338 1161 1393 multum
1206 1344 1404 1404 cessat,
1447 1337 1512 1393 fit
1556 1337 1846 1395 Choerilus
1890 1336 2003 1407 ille,

466 1441 630 1495 quem
674 1421 759 1477 bis
805 1431 963 1477 terve
1008 1424 1213 1479 bonum
1251 1440 1375 1477 cum
1418 1422 1536 1478 risu
1579 1421 1780 1491 miror;
1825 1430 1884 1477 et
1924 1422 2076 1482 idem
2152 1462 2172 1477 Ἰ

464 1508 725 1581 indignor
768 1509 1106 1581 quandoque
1147 1510 1327 1563 bonus
1373 1507 1641 1563 dormitat
1681 1508 1984 1563 Homerus«

307 1599 426 1650 860
472 1612 667 1648 verum
711 1592 867 1665 operi
909 1593 1079 1667 longo
1122 1595 1205 1649 fas
1249 1601 1338 1649 est
1381 1594 1650 1667 obrepere
1693 1611 2006 1651 somnum..

381 1674 385 1677 ’
470 1686 533 1734 ut
575 1678 795 1751 pictura
836 1678 1061 1751 poesis:
1108 1679 1217 1734 erit
1260 1696 1426 1751 quae,
1473 1678 1523 1733 si
1546 1678 1775 1751 propius
1806 1688 1938 1747 stes,

464 1772 525 1819 te
570 1764 756 1835 capiat
798 1764 993 1837 magis,
1039 1773 1097 1819 et
1139 1766 1432 1838 quaedam,
1478 1762 1528 1819 si
1569 1764 1792 1837 longius
1835 1765 2055 1833 abstes;

464 1850 603 1903 haec
646 1856 795 1905 amat
838 1851 1155 1917 obscurum,
1200 1850 1357 1906 volet
1399 1850 1540 1905 haec
1581 1850 1686 1903 sub
1728 1849 1854 1905 luce
1897 1850 2098 1919 videri,
2139 1890 2162 1921 ·.

465 1934 665 1989 iudicis
710 1942 970 2007 argutum
1013 1954 1157 2007 quae
1200 1953 1316 1991 non
1359 1934 1624 1989 formidat
1674 1952 1938 2005 acumem
2135 1928 2142 1933 ⁸

304 2027 419 2079 865
467 2021 608 2075 haec
650 2020 861 2091 placuit
903 2022 1093 2090 semel,
1138 2022 1276 2077 haec
1319 2020 1542 2075 deciens
1587 2019 1828 2093 repetita
1870 2021 2142 2093 placebit.

470 2124 503 2160 ο
548 2104 723 2161 maior
763 2105 1047 2175 iuvenum,
1093 2106 1345 2179 quamvis
1393 2113 1466 2160 et.
1493 2124 1628 2161 voce
1672 2113 1910 2178 paterna

464 2190 692 2263 fingeris
738 2192 810 2245 ad
854 2199 1068 2248 rectum
1112 2200 1169 2247 et
1210 2210 1314 2265 per
1357 2200 1414 2247 te
1457 2190 1628 2263 sapis,
1673 2191 1780 2245 hoc
1824 2190 1927 2246 tibi
1972 2191 2183 2249 dictum

467 2276 603 2330 tolle
647 2294 874 2345 memor,
922 2276 1085 2331 certis
1129 2277 1374 2332 medium
1419 2284 1477 2331 et
1519 2276 1810 2333 tolerabile
1853 2277 2018 2333 rebus

468 2369 619 2415 recte
664 2361 931 2417 concedi:
976 2363 1262 2419 consultus
1306 2362 1441 2418 iuris
1488 2369 1546 2416 et
1589 2368 1742 2417 actor

308 2452 425 2504 370
472 2463 787 2501 caussarum
830 2447 1126 2503 mediocris
1172 2450 1330 2504 abest
1372 2448 1576 2505 virtute
1621 2446 1816 2503 diserti

469 2532 787 2601 Messallae,
830 2551 936 2588 nec
980 2532 1086 2588 scit
1130 2542 1398 2607 quantum
1445 2532 1742 2589 Cascellius
1787 2531 1990 2601 Aulus,

471 2619 573 2673 sed
616 2625 801 2673 tamen
845 2618 903 2673 in
947 2618 1131 2690 pretio
1176 2628 1291 2675 est:
1337 2618 1712 2675 mediocribus
1758 2635 1880 2673 esse
1923 2618 2105 2691 poetis

470 2721 584 2759 non
627 2702 897 2771 homines,
943 2722 1055 2758 non
1100 2703 1176 2771 di,
1222 2724 1338 2761 non
1382 2721 1702 2761 concessere
1747 2703 2056 2761 columnae.
2137 2744 2160 2775 .-

471 2797 537 2843 ut
578 2799 763 2859 gratas
806 2788 955 2844 inter
997 2807 1216 2845 mensas
1263 2789 1588 2863 symphonia
1631 2788 1840 2845 discors
2133 2778 2140 2785 ⁶

310 2877 426 2932 375
476 2882 534 2929 et
576 2892 821 2932 crassum
862 2882 1206 2947 unguentum
1253 2884 1311 2931 et
1355 2876 1534 2931 Sardo
1577 2892 1702 2928 cum
1745 2873 1912 2930 melle
1955 2892 2199 2948 papaver

475 2960 776 3027 offendunt,
824 2968 1047 3032 poterat
1090 2960 1217 3015 duci
1261 2962 1393 3033 quia
1435 2978 1574 3017 cena
1617 2959 1737 3014 sine
1780 2958 1924 3028 istis,

474 3044 552 3101 sic
595 3044 791 3101 animis
836 3054 1031 3101 natum
1070 3046 1471 3119 inventumque
1514 3063 1714 3118 poema
1756 3042 2032 3111 iuvandis,

476 3130 525 3185 si
566 3131 816 3203 paullum
861 3150 1073 3187 summo
1119 3132 1380 3200 decessit,
1425 3132 1610 3203 vergit
1653 3131 1724 3183 ad
1767 3128 1957 3189 imum.

476 3216 668 3269 ludere
714 3216 811 3288 qui
853 3216 1049 3285 nescit,
1098 3218 1501 3290 campestribus
1544 3214 1790 3271 abstinet
1831 3216 2017 3283 armis,

314 3308 432 3359 380
477 3299 845 3373 indoctusque
889 3303 1036 3373 pilae
1081 3302 1292 3359 discive
1335 3303 1583 3361 trochive
1628 3300 1884 3374 quiescit,

475 3402 546 3439 ne
590 3384 805 3455 spissae
846 3387 1021 3443 risum
1064 3389 1266 3444 tollant
1307 3388 1516 3462 inpune
1561 3403 1832 3441 coronae:

474 3468 571 3542 qui
614 3470 792 3524 nescit
833 3490 1045 3543 versuS,
1091 3481 1278 3529 tamen
1323 3475 1494 3529 audet
1536 3472 1764 3545 fingere.
1809 3472 2047 3545 quidni?
