2459 3959
897 329 1128 384 LIBER
1169 331 1250 385 11.
1300 339 1462 386 3--4
2024 323 2157 385 188

385 481 530 555 ‘ipsa
572 501 782 538 memor
823 492 1120 556 praecepta
1164 503 1371 554 canam,
1422 487 1687 542 celabitur
1734 491 1942 538 auctor.

386 570 556 641 longa
600 569 806 641 quibus
843 569 1012 624 facies
1057 570 1178 625 ovis
1225 571 1348 638 erit,
1395 572 1491 627 illa
1534 580 1829 636 memento,

383 663 450 709 ut
492 655 608 708 suci
653 654 895 708 melioris
941 665 999 709 et
1042 663 1106 709 ut
1149 658 1322 728 magis
1370 659 1515 712 alma
1556 656 1833 720 rotundis,

383 757 624 812 ponere:
669 759 906 812 namque
949 758 1156 794 marem
1202 742 1462 796 cohibent
1508 745 1711 798 callosa
1755 741 2025 797 vitellum.

259 833 334 880 15
386 826 544 880 caule
588 827 903 880 suburbano
949 826 1045 897 qui
1089 826 1249 882 siccis
1296 828 1472 882 crevit
1512 829 1569 882 in
1616 828 1762 901 agris

385 911 628 964 dulcior:
675 910 892 982 inriguo
937 910 1076 965 nihil
1121 922 1207 967 est
1252 914 1455 967 elutius
1500 916 1681 968 horto.

387 996 436 1050 si
478 996 828 1067 vespertinus
873 995 1056 1050 subito
1100 1007 1158 1050 te
1203 999 1543 1070 oppresserit
1586 1001 1805 1070 hospeS‚

386 1100 458 1136 ne
501 1081 706 1153 gallina
747 1082 952 1135 malum
993 1093 1289 1154 responset
1334 1085 1470 1138 dura
1514 1082 1717 1154 palam,

389 1169 582 1221 doctus
629 1166 736 1220 eris
779 1167 960 1220 vivam
1004 1178 1185 1222 musto
1231 1187 1469 1224 mersare
1514 1170 1782 1223 Falerno:

265 1259 343 1308 20
392 1254 500 1306 hoc
542 1261 789 1306 teneram
834 1252 1020 1308 faciet.
1065 1255 1417 1324 pratensibus
1463 1254 1669 1325 optima
1715 1253 1897 1323 fungis

391 1345 589 1392 natura
632 1347 734 1401 est,
780 1338 900 1392 aliis
944 1338 1085 1392 male
1129 1339 1393 1394 creditur.
1438 1339 1533 1392 ille
1580 1339 1812 1392 salubris

391 1430 628 1477 aestates
678 1432 927 1493 peraget,
974 1423 1070 1494 qui
1113 1423 1285 1495 nigris
1331 1424 1563 1496 prandia
1606 1425 1774 1478 moris

395 1508 568 1568 finiet,
615 1517 741 1562 ante
784 1525 1006 1578 gravem
1049 1527 1191 1581 quae
1236 1509 1437 1580 legerit
1482 1511 1679 1564 arbore
1722 1509 1913 1564 solem.

395 1592 652 1648 Aufidius
694 1593 826 1646 forti
867 1595 1134 1649 miscebat
1179 1595 1345 1649 mella
1385 1595 1654 1649 Falerno:

271 1686 348 1736 25
398 1681 688 1744 mendose3
736 1680 994 1749 quoniam
1037 1679 1221 1733 vacuis
1269 1681 1591 1733 conmittere
1634 1679 1787 1734 venis

293 1755 310 1766 ‘
397 1764 480 1818 nil
523 1763 629 1817 nisi
672 1764 796 1818 lene
841 1765 1030 1817 decet:
1074 1764 1188 1819 leni
1231 1765 1557 1835 praecordia
1598 1766 1775 1820 mulso

398 1849 672 1921 prolueris
717 1849 928 1905 melius.
1021 1851 1065 1902 si
1111 1853 1251 1902 dura
1294 1850 1598 1906 morabitur
1642 1851 1813 1918 alvuS,

399 1934 623 1988 mitulus
668 1942 724 1988 et
767 1934 903 1987 viles
945 1935 1159 2006 pellent
1201 1937 1479 1989 obstantia
1524 1937 1764 1990 conchae

402 2027 458 2074 et
500 2018 711 2090 lapathi
753 2020 935 2073 brevis
981 2021 1173 2086 herba,
1221 2021 1319 2074 sed
1365 2020 1489 2073 albo
1536 2039 1645 2074 non
1692 2021 1809 2074 sine
1856 2019 1989 2074 Con.

275 2107 356 2162 30
401 2105 615 2158 lubrica
642 2112 928 2158 nascentes
971 2105 1188 2176 inplent
1231 2106 1515 2175 conchylia
1558 2106 1753 2158 lunae:

401 2191 500 2245 sed
540 2207 652 2244 non
697 2208 860 2243 omne
907 2209 1053 2244 mare
1097 2200 1182 2244 est
1223 2209 1525 2261 generosae
1569 2190 1750 2244 fertile
1790 2198 2000 2244 testae:

399 2275 609 2328 murice
653 2274 864 2328 Baiano
907 2275 1102 2330 melior
1144 2276 1384 2330 Lucrina
1424 2275 1650 2347 peloris,
1683 2278 1689 2284 ”

403 2367 585 2415 ostrea
629 2359 852 2426 Circeis,
897 2361 1114 2414 Miseno
1159 2361 1411 2415 oriuntur
1455 2361 1654 2424 echini,

403 2446 715 2518 pectinibus
759 2447 962 2516 patulis
1007 2446 1176 2499 iactat
1220 2465 1279 2500 se
1324 2446 1489 2499 molle
1536 2447 1855 2521 Tarentum.

272 2537 349 2586 35
398 2549 505 2586 nec
549 2529 655 2584 sibi
700 2548 956 2584 cenarum
1001 2531 1180 2602 quivis
1225 2541 1434 2585 temere
1480 2532 1712 2604 adroget
1755 2539 1947 2596 artem,

398 2635 511 2671 non
556 2614 710 2687 prius
755 2625 950 2670 exacta
993 2615 1148 2670 tenui
1191 2617 1407 2670 ratione
1452 2635 1725 2688 saporum.

399 2719 503 2756 nec
547 2700 683 2756 satis
729 2711 814 2754 est
858 2718 984 2755 cara
1027 2701 1192 2772 piscis
1238 2719 1493 2756 averrere
1536 2719 1725 2756 mensa

395 2787 648 2859 ignarum
694 2785 893 2858 quibus
937 2795 1022 2839 est
1067 2787 1150 2840 ius
1197 2786 1377 2858 aptius
1422 2796 1477 2840 et
1521 2787 1719 2858 quibus
1766 2785 1902 2838 assis

399 2872 696 2944 languidus
751 2871 1098 2926 incubitum
1143 2872 1253 2926 iam
1300 2891 1357 2925 se
1402 2874 1635 2926 conviva
1678 2880 1929 2942 reponet.

274 2967 354 3015 40
400 2959 616 3012 Vmber
659 2965 716 3010 et
759 2956 934 3028 iligna
977 2957 1220 3011 nutritus
1267 2958 1471 3028 glande
1516 2957 1783 3010 rotundas

399 3051 592 3098 curvat
634 3059 769 3114 aper
809 3041 983 3096 lancis
1027 3059 1245 3097 carnem
1288 3042 1513 3097 vitantis
1558 3043 1827 3096 inertem:

399 3146 527 3183 nam
571 3127 820 3182 Laurens
866 3128 1042 3180 malus
1089 3137 1188 3194 est,
1236 3127 1379 3181 ulvis
1424 3137 1479 3181 et
1522 3126 1791 3181 arundine
1834 3123 2083 3195 pinguis.

398 3214 560 3268 vinea
603 3212 878 3266 submittit
921 3230 1146 3283 capreas
1190 3231 1303 3266 non
1350 3229 1566 3282 semper
1610 3210 1804 3265 edulis.

401 3300 670 3354 fecundae
714 3298 918 3370 leporis
963 3297 1181 3369 sapiens
1226 3297 1529 3352 sectabitur
1572 3315 1769 3351 armos.

276 3392 352 3441 45
399 3384 644 3456 piscibus
691 3393 856 3455 atque
902 3383 1095 3438 avibus
1139 3401 1282 3454 quae
1327 3393 1525 3436 natura
1569 3392 1623 3436 et
1666 3382 1811 3436 foret
1854 3388 2029 3447 aetas,

409 3481 538 3526 ante
582 3487 762 3523 meum
806 3467 946 3522 nulli
989 3467 1172 3539 patuit
1215 3467 1469 3540 quaesita
1510 3468 1773 3540 palatum.
