2459 3959
929 271 1182 328 LIBER.
1235 281 1260 327 1
1278 278 1308 328 6

107 436 196 486 35
252 429 416 484 haec
460 433 519 483 et
561 444 705 501 quae
743 433 1006 499 poterunt
1047 427 1263 482 reditus
1306 427 1634 484 abscindere
1677 427 1853 482 dulcis

364 529 559 569 eamus
604 511 778 566 omnis
823 520 1087 567 execrata
1129 511 1342 582 civitas,

258 608 374 655 aut
417 617 552 672 pars
593 597 822 652 indocili
863 597 1062 652 melior
1104 615 1310 670 grege3
1356 599 1537 656 mollis
1582 607 1641 655 et
1682 587 1883 672 exspe's

364 683 674 740 inominata
717 682 1022 756 perprimat
1063 683 1287 738 cubilia.

258 789 378 826 vos
427 770 627 843 quibus
671 777 758 822 est
799 767 992 834 virtus,
1035 769 1361 824 muliebrem
1404 770 1587 826 tollite
1632 771 1839 828 luctum

109 864 200 914 40
365 857 605 911 Etrusca
644 861 867 925 praeter
909 862 966 906 et
1007 854 1190 908 volate
1231 856 1413 910 litora.

261 960 382 997 nos
427 947 616 994 manet
657 938 912 993 Oceanus
958 938 1371 1012 circumvagusz
1397 959 1563 1016 arva,
1606 942 1771 998 beata

363 1036 620 1098 petamus
664 1041 812 1089 arva,
857 1024 1060 1078 divites
1105 1033 1164 1080 et
1206 1025 1434 1092 insulas,

257 1111 464 1169 reddit
505 1109 603 1164 ubi
645 1108 902 1164 Cererem
943 1109 1109 1164 tellus
1153 1110 1367 1165 inarata.
1411 1112 1707 1184 quotannis

362 1204 422 1252 et
463 1195 716 1267 inputata
755 1197 920 1250 floret
961 1213 1136 1267 usque
1181 1195 1362 1261 vinea,

113 1293 200 1341 45
262 1281 552 1356 germinat
596 1289 652 1335 et
696 1298 975 1352 nunquam
1018 1281 1265 1337 fallentis
1310 1291 1513 1337 termes
1558 1282 1756 1348 olivae,

360 1383 626 1438 suamque
667 1366 820 1439 pulla
861 1366 996 1420 ficus
1039 1375 1200 1420 ornat
1243 1370 1517 1434 arborem,

263 1454 446 1509 mella
489 1469 622 1505 cava
662 1459 890 1506 manant
933 1469 1005 1506 ex
1046 1451 1194 1519 ilice,
1242 1453 1523 1508 montibus
1568 1453 1695 1508 altis

361 1538 500 1592 levis
545 1545 806 1609 crepante
848 1536 1072 1608 lympha
1114 1537 1303 1592 desilit
1345 1539 1505 1611 pede.

266 1624 390 1680 illic
433 1622 676 1677 iniussae
717 1621 950 1678 veniunt
991 1623 1062 1676 ad
1104 1623 1343 1677 mulctra
1387 1623 1649 1695 capellae,

122 1717 208 1767 50
363 1709 646 1780 refertque
687 1714 844 1762 teuta
883 1723 1022 1778 grex
1065 1708 1273 1762 amicus
1318 1710 1490 1764 ubera
1502 1723 1521 1775 3

272 1811 388 1850 nec
431 1793 779 1865 vespertinus
823 1791 1204 1864 circumgemit
1248 1812 1407 1848 ursus
1452 1794 1616 1861 ovile,

363 1896 546 1950 neque
588 1877 907 1933 intumescit
949 1877 1064 1931 alta
1105 1878 1310 1951 viperis
1355 1880 1571 1935 humus.

269 1965 548 2038 pluraque
589 1964 776 2019 felices
820 1961 1170 2032 mirabimur;
1215 1973 1281 2019 ut
1320 1983 1505 2037 neque
1548 1965 1716 2037 largis

359 2066 600 2122 aquosus
643 2066 806 2104 eurus
850 2065 982 2102 arva
1021 2050 1182 2104 radat
1221 2049 1505 2118 imbribus,

129 2143 212 2193 55
268 2134 505 2209 pinguia
546 2151 650 2189 nec
693 2133 854 2189 siccis
899 2141 1130 2188 urantur
1172 2135 1385 2190 semina
1425 2136 1653 2208 glaebis,

357 2229 652 2292 utrumque
693 2237 826 2292 rege
867 2227 1216 2291 temperante
1259 2221 1536 2278 caelitum.

268 2325 386 2363 non
430 2307 539 2360 huc
579 2305 770 2378 Argoo
815 2305 1100 2360 contendit
1141 2305 1351 2378 remige
1395 2305 1576 2377 pinus,

355 2407 536 2463 neque
577 2389 838 2462 inpudica
883 2389 1102 2445 Colchis
1143 2390 1335 2446 intulit
1376 2393 1601 2464 pedem3

270 2495 382 2533 non
425 2477 534 2530 huc
578 2475 793 2531 Sidonii
835 2483 1120 2530 torserunt
1160 2494 1369 2533 cornua
1410 2487 1627 2545 nautae,

135 2565 220 2618 60
357 2561 632 2617 laboriosa
671 2579 776 2616 nec
819 2561 1014 2616 cohors
1058 2561 1269 2618 Vlixei.

266 2648 422 2702 nulla
460 2654 667 2702 nocent
707 2645 898 2719 pecori
942 2648 1216 2719 contagia,
1263 2647 1467 2704 nullius
1512 2650 1647 2706 astri

353 2750 578 2805 gregem
622 2741 877 2787 aestuosa
919 2741 1096 2787 torret
1135 2733 1463 2805 inpotentia.

262 2817 516 2891 Iuppiter
557 2817 652 2872 illa
693 2817 821 2890 piae
865 2818 1105 2874 secrevit
1145 2818 1313 2872 litora
1354 2820 1534 2891 genti,

348 2911 412 2958 ut
451 2903 760 2976 inquinavit
801 2921 932 2960 aere
973 2911 1190 2975 tempus
1238 2921 1490 2972 aureum3

133 2994 209 3046 65
262 3006 406 3056 aere,
451 2989 654 3043 dehinc
695 2988 842 3044 ferro
887 2990 1106 3045 duravit
1149 2991 1386 3058 saecula,
1432 3009 1666 3064 quorum

344 3074 452 3146 piis
496 3075 740 3132 secunda
779 3081 908 3131 vate
951 3093 1040 3130 me
1085 3076 1250 3131 datur
1292 3075 1443 3148 fuga.

1580 3499 1662 3560 9.

1974 268 2097 332 181
