2459 3959
2052 310 2233 357 xxlx

281 441 440 527 er.
481 441 688 507 Orell.
721 444 746 526 ΙΙ
778 447 858 511 28
891 446 1146 507 salium.-
1191 444 1273 507 cf.
1298 440 1379 507 ad
1408 440 1496 507 11.
1519 446 1577 507 2.
1603 447 1703 511 18.
1729 480 1810 491 -
1838 446 2115 511 CARM.
2140 448 2230 513 11.

290 532 370 593 13
417 552 708 615 reyeeque
750 543 896 593 ante
941 528 1000 593 B
1033 530 1057 609 n
1093 529 1174 592 29
1212 553 1329 616 per
1358 529 1645 606 laborem,
1690 532 2031 616 plurimum
2076 547 2227 619 post

281 614 363 677 Β.
411 614 840 679 distinxerunt
883 614 1029 679 HM
1061 615 1086 695 ΙΙ
1119 616 1200 679 33
1248 627 1313 677 et
1361 614 1438 677 41
1488 617 1755 680 concinet
1800 642 1913 701 pro
1952 623 2236 684 concines

285 698 562 764 Lachm.
607 700 673 763 in
718 724 778 763 n„
822 723 989 767 mus,
1036 698 1218 765 rhen.
1266 697 1388 763 ΙΙΙ.
1434 702 1556 763 617
1604 699 1883 789 HMPly
1950 704 2055 782 (cf.
2103 726 2227 768 em.

279 784 452 851 Ven.
500 808 564 870 p.
591 790 740 861 V111)
785 786 814 867 ΙΙ
854 788 936 852 45
985 787 1208 871 loquor
1258 783 1487 847 BHM.
1538 785 1757 871 loquar
1800 812 1889 874 vg
1936 790 1963 871 ss
2016 790 2225 854 4910-

286 892 405 935 cus
449 870 738 935 nondum
779 892 1188 953 pet-sanatus.
1242 870 1393 955 .P1y
1439 892 1583 935 oum
1628 872 1695 934 in
1742 873 1896 937 edit.
1944 897 2061 937 sua
2109 898 2234 960 pa-

281 978 435 1019 rum
491 969 680 1021 caute
747 968 1129 1041 temptasset
1187 968 1398 1041 terque
1460 956 1611 1020 dum
1655 957 1751 1022 hic
1802 963 2083 1044 procedit
2142 966 2230 1039 (v.

285 1064 486 1127 supra
551 1041 634 1104 ad
678 1040 765 1107 II.
813 1046 871 1107 3.
922 1045 1026 1121 11)
1094 1064 1301 1126 nuper
1344 1041 1409 1103 in
1454 1064 1578 1105 em.
1624 1041 1790 1105 Ven.
1855 1068 1918 1129 p.
1962 1064 2014 1108 x
2072 1067 2227 1129 pro-

283 1127 512 1212 posuit
555 1140 758 1212 terque
800 1130 947 1193 dum
981 1129 1286 1213 procedit,
1335 1128 1409 1190 Io
1453 1126 1777 1213 Triumphe
1826 1128 1855 1240 L
1892 1153 2001 1195 nos
2044 1131 2236 1193 simul

285 1214 590 1287 dicernit-33
633 1214 710 1277 Io
742 1214 1067 1299 Triumphe
1092 1214 1307 1279 civitas
1330 1214 1525 1277 omnis
1542 1226 1659 1276 etc.
1684 1250 1767 1261 —-
1799 1213 2087 1279 (JARM.
2106 1214 2233 1279 III.

280 1300 364 1362 21
420 1300 568 1361 tuist
609 1296 904 1384 HMPly.
950 1322 1101 1361 nam
1160 1298 1381 1361 docuit
1442 1296 1715 1364 Lachm.
1781 1303 1869 1363 ‘in
1941 1301 2230 1365 carmine

282 1384 596 1447 saeculari
643 1398 704 1448 et
747 1384 812 1446 in
861 1397 1092 1469 quarto
1141 1384 1499 1447 carminum
1542 1382 1713 1449 libro
1756 1386 1985 1473 longas
2032 1407 2229 1449 voca-

281 1469 382 1533 les
441 1491 574 1531 non
636 1468 828 1545 elidi',
891 1470 974 1533 ad
1017 1468 1218 1532 Lucr.
1265 1492 1325 1553 p.
1373 1470 1454 1532 66
1502 1482 1566 1531 et
1614 1469 1739 1533 219
1784 1472 1887 1545 (cf.
1936 1493 2001 1556 p.
2052 1474 2231 1547 200).

281 1576 348 1618 v.
394 1554 664 1618 infra-9.
709 1556 828 1631 433
894 1557 994 1623 10.
1062 1556 1122 1617 6.
1186 1552 1319 1619 CS.
1368 1556 1425 1617 5.
1494 1590 1577 1601 -—-
1647 1552 1932 1620 CARM.
1980 1554 2098 1620 IV.
2148 1559 2224 1624 11

285 1642 570 1705 draconis
612 1652 676 1703 et
720 1642 802 1706 28
845 1642 1149 1706 Neronis:
1213 1636 1305 1703 esi
1340 1638 1607 1722 praefat.
1637 1658 1775 1722 p.x
1826 1642 1851 1720 ΙΙ
1909 1646 1989 1706 15
2038 1642 2233 1707 locus

280 1724 678 1808 desperatus·
745 1728 870 1789 iam
939 1727 1246 1805 (mantel)
1317 1724 1693 1809 proposuit,
1776 1725 1890 1789 sed
1958 1725 2234 1802 dubiuS‚.

279 1808 558 1874 Lachm.
603 1815 670 1873 in
715 1834 782 1875 n.
827 1834 992 1875 mus·
1038 1810 1136 1873 rh.
1172 1809 1295 1875 ΙΙΙ.
1329 1810 1471 1877 616.
1520 1810 1781 1875 laetante
1825 1810 1929 1876 vel
1976 1812 2239 1877 lactente·

285 1894 414 1979 Ply
457 1896 566 1963 (cf.
593 1896 889 1961 em.Ven.
914 1896 1099 1981 p.X).
1147 1894 1401 1960 conlato
1446 1918 1509 1960 v.
1544 1899 1583 1961 6
1628 1896 2069 1981 expectaveris
2114 1917 2235 1981 po-

285 1980 421 2044 tius
466 2004 613 2045 non
659 1994 836 2046 ante
879 1982 1199 2067 depulsum
1219 1982 1463 2047 leonem.
1499 1979 1724 2045 eadem
1753 1981 2003 2045 ratione
2039 1992 2234 2067 poeta.

279 2066 547 2217 ffiipgg
587 2065 643 2217 12.
688 2068 792 2133 29.
840 2069 877 2132 3
939 2091 1060 2132 non
1121 2080 1278 2215 antecez
1319 2066 1587 2215 delvxirctie9
1626 2066 1899 2216 {abaeae
1963 2068 2229 2217 relqibtm.

391 2200 404 2213 .
537 2197 552 2215 .
682 2174 1330 2218 n.a.verso..eao.
1482 2198 1498 2214 .
1593 2198 1607 2213 .
1738 2175 2013 2216 n.a.vo
2082 2176 2223 2217 aas

273 2260 390 2321 per
431 2239 599 2299 artis.
645 2238 938 2302 similiter
983 2238 1042 2302 B
1087 2241 1214 2302 iam
1251 2262 1280 2301 8
1327 2249 1482 2302 onte.
1528 2236 1612 2304 of.
1645 2236 1959 2301 Prudent.-
1991 2177 2227 2323 pgrist.

279 2320 378 2386 X.
423 2322 855 2409 663parvum
909 2346 1016 2389 nee
1067 2324 1210 2389 olim
1268 2260 1419 2387 ὥστε
1460 2322 1783 2409 depulsum
1830 2322 1855 2405 ΙΙ
1906 2324 1984 2387 17
2030 2324 2231 2388 Raeti

282 2419 432 2473 ante
493 2406 550 2469 B
607 2408 780 2488 quod
843 2410 1088 2472 frustra
1144 2428 1450 2472 revocare
1516 2421 1785 2472 conatur
1826 2406 1985 2473 Ritt.
2050 2408 2228 2473 conl.

287 2491 469 2557 Serv.
515 2492 598 2555 ad
641 2492 808 2557 Aen.
851 2493 904 2557 Ι.
950 2495 1109 2571 243,
1178 2492 1291 2577 qui
1356 2514 1437 2555 ex
1492 2492 1617 2557 hoo
1676 2493 1815 2579 ipso
1860 2492 2023 2559 Hor.
2072 2494 2225 2558 loeo

283 2578 413 2641 iam
459 2590 596 2641 tum
642 2590 948 2663 corrupto
995 2597 1057 2644 et
1099 2578 1483 2663 interpolato
1516 2600 1635 2642 sua
1663 2578 1897 2643 hausit.
1930 2600 2080 2643 nam
2114 2601 2230 2645 vv*

287 2664 539 2732 18—22
590 2664 834 2748 (quibu-s
869 2700 954 2711 —-
991 2664 1232 2743 omnia)
1280 2687 1318 2725 a
1360 2664 1783 2749 grammatico
1828 2663 2046 2744 aliquo
2092 2683 2224 2728 non

279 2748 542 2814 indocto
586 2749 702 2813 sed
745 2750 1030 2816 absurdo
1074 2748 1343 2814 adfietos
1378 2770 1519 2811 esse
1544 2748 1791 2812 dudum
1823 2761 2219 2813 monuerunt

281 2832 566 2901 Guietus
609 2834 808 2899 Ianus
855 2836 1096 2899 Buttm.
1139 2832 1356 2918 Myth.
1394 2832 1485 2899 ΙΙ.
1524 2838 1669 2901 366.
1716 2831 1941 2899 Struv.
1986 2853 2227 2915 opusc*

279 2918 372 2986 ΙΙ.
418 2919 560 2986 415.
605 2918 742 2983 PM
786 2920 1029 2985 Bernh.
1077 2918 1411 2999 (Zeitsehr.
1471 2920 1515 2982 f.
1575 2920 1749 2983 wien.
1792 2917 1964 2983 Krit.
2031 2920 2220 2985 1835.

279 3003 334 3070 I.
374 3027 436 3089 p.
458 3006 600 3069 748.
647 3005 792 3069 hist.
837 3007 956 3070 litt.
1001 3028 1160 3069 rom.
1189 3004 1339 3068 adn.
1385 3002 1505 3073 451
1558 3007 1713 3080 ext.)
1761 3027 1823 3068 v.
1866 3006 1947 3070 22
1992 3016 2049 3069 et
2095 3026 2219 3088 pro
2266 3084 2269 3088 .

277 3101 366 3157 eet
408 3090 688 3155 restituit
733 3088 952 3159 Ianua.
997 3092 1076 3153 ef.
1125 3112 1323 3175 supra
1367 3089 1453 3152 ad
1493 3088 1619 3154 ΙΙΙ.
1662 3092 1763 3156 30.
1818 3091 1896 3156 15
1928 3088 1955 3172 ΙΙ
1985 3091 2061 3153 31
2113 3112 2231 3155 nee

279 3189 430 3240 ante
474 3175 530 3239 B
559 3175 588 3257 Η
620 3179 702 3242 36
749 3191 967 3241 utrum
1013 3177 1375 3241 dedecorant
1412 3198 1492 3241 un
1527 3176 1887 3241 indecorant
1924 3174 2235 3259 primitus

275 3261 475 3325 fuerit
506 3260 806 3327 dubitare
833 3261 987 3327 lieet
1015 3261 1042 3345 ΙΙ
1075 3264 1156 3336 ,50
1188 3261 1270 3325 de
1302 3260 1503 3347 ‘lupis'
1526 3259 1841 3329 Romanis
1874 3282 1934 3325 v.
1959 3259 2226 3323 doctam.

281 3345 426 3411 adn.
471 3346 548 3412 Ρ.
593 3346 870 3411 fortasse
915 3349 1208 3411 conferre
1260 3345 1415 3411 lieet
1460 3346 1653 3411 etiam
1696 3344 1770 3409 E.
1816 3349 1877 3409 7.
1931 3347 2002 3408 11
2060 3345 2089 3427 ΙΙ
2136 3346 2227 3407 53·

278 3444 547 3498 cremata
588 3431 859 3499 Lachm.
904 3430 994 3497 H.
1040 3431 1121 3497 of.
1167 3430 1250 3494 ad
1295 3431 1347 3495 Ι.
1382 3433 1481 3495 10.
1532 3433 1633 3498 14.
1676 3442 1935 3499 cremato
1981 3426 2129 3500 libri
2158 3431 2189 3509 ΙΙ

313 3517 341 3600 ΙΙ
371 3540 476 3584 vv.
522 3520 597 3583 61
625 3517 806 3585 -64
850 3517 1173 3585 eiecerunt
1221 3514 1445 3582 Struv.
1512 3536 1743 3599 opusc.
1787 3513 1878 3579 ΙΙ.
1926 3514 2073 3577 417.
2126 3511 2235 3576 M.
