2459 3959
310 301 397 362 ยน18
1077 306 1381 364 CARMIN
1382 306 1501 362 VM

440 468 496 515 te
541 479 740 534 greges
785 469 1006 516 centum
1051 461 1381 532 Siculaeque
1426 460 1631 516 circum

442 547 697 619 mugiunt
741 565 958 616 vaccae,
1004 547 1108 601 tibi
1153 547 1301 600 tollit
1343 547 1618 600 hinnitum

319 639 392 687 35
441 642 571 704 apta
615 632 900 704 quadrigis
947 650 1106 704 equa,
1152 640 1210 686 te
1256 631 1339 686 bis
1384 632 1523 686 Afro

530 718 739 773 murice
782 718 994 774 tinctae

440 887 690 945 vestiunt
734 891 924 945 lanae:
969 889 1104 945 mihi
1149 909 1321 962 parva
1363 909 1491 944 rura
1534 899 1591 945 et

441 975 692 1049 spiritum
741 976 941 1031 Graiae
985 985 1209 1029 tenuem
1257 976 1531 1032 Camenae

437 1061 614 1115 Parca
656 1080 769 1115 non
814 1063 1056 1116 mendax
1099 1061 1252 1116 dedit
1297 1071 1353 1116 et
1395 1062 1697 1134 malignum

316 1153 392 1201 40
526 1165 786 1218 spernere
829 1149 1044 1220 volgus.

1197 1430 1373 1484 XVII

442 1575 556 1631 Cur
597 1594 687 1630 me
732 1575 993 1646 querellis
1039 1576 1322 1630 exanimas
1366 1575 1517 1630 tuis?

437 1679 542 1718 nec
586 1663 670 1715 dis
717 1661 950 1714 amicum
997 1671 1082 1715 est
1126 1679 1231 1716 nec
1276 1661 1415 1721 mihi,
1454 1671 1512 1717 te
1555 1662 1707 1735 prius

526 1747 699 1814 obire,
743 1747 1060 1812 Maecenas,
1107 1766 1352 1801 mearum

611 1834 820 1905 grande
869 1833 1034 1886 decus
1081 1835 1446 1902 columenque
1488 1852 1693 1889 rerum.

358 2014 388 2062 5
439 2006 510 2061 ah
552 2012 610 2059 te
654 2021 806 2058 meae
851 2003 898 2057 si
942 2011 1156 2074 partem
1201 2004 1418 2059 animae
1459 2004 1609 2077 rapit

438 2090 706 2147 maturior
748 2088 848 2155 vis,
896 2089 1030 2159 quid
1073 2107 1259 2144 moror
1303 2091 1495 2157 altera,

526 2192 632 2231 nec
676 2191 833 2229 carus
877 2191 1072 2246 aeque,
1118 2193 1221 2229 nec
1266 2169 1542 2247 superstes

607 2259 864 2331 integer?
909 2259 1005 2314 ille
1052 2259 1169 2314 dies
1216 2270 1506 2334 utramque

436 2433 603 2486 ducet
644 2430 879 2484 ruinam.
925 2448 1036 2484 non
1083 2449 1187 2502 ego
1231 2433 1505 2504 perfidum

314 2525 385 2574 10
433 2517 550 2572 dixi
595 2524 1026 2570 sacramentum:
1073 2516 1293 2583 ibimus,
1337 2517 1555 2587 ibimus,

517 2610 798 2673 utcunque
842 2604 1158 2673 praecedes,
1209 2622 1522 2674 supremum

607 2704 832 2758 carpere
876 2687 984 2741 iter
1029 2687 1259 2743 comites
1304 2688 1501 2761 parati.

437 2861 550 2930 [me
594 2878 697 2915 nec
741 2857 1063 2915 Chimaerae
1109 2860 1334 2932 spiritus
1379 2859 1598 2933 igneae,

428 2965 534 3003 nec
577 2945 625 3000 si
666 2953 922 3016 resurgat
967 2945 1309 3000 centimanus
1357 2947 1506 3017 Gyes

310 3042 382 3090 15
518 3031 746 3087 divellet
793 3049 1061 3102 unquam:
1110 3031 1188 3086 sic
1231 3032 1448 3102 potenti

601 3115 859 3172 Iustitiae
901 3117 1278 3188 placitumque
1321 3117 1531 3173 Parcis.

436 3309 533 3346 seu
577 3288 721 3343 libra
764 3306 861 3342 seu
907 3307 992 3342 me
1037 3288 1281 3358 scorpios
1326 3289 1567 3361 adspicit

431 3374 841 3440 formidolosus,
887 3393 1013 3447 pars
1058 3373 1354 3426 violentior

516 3459 717 3517 natalis
760 3460 947 3526 horae,
993 3476 1091 3512 seu
1134 3467 1403 3529 tyrannus

307 3553 384 3602 20
601 3545 910 3619 Hesperiae
955 3542 1307 3615 capricornus
1356 3547 1555 3613 undae,
