2459 3959
993 267 1241 324 LIBER.
1300 277 1332 323 5

341 419 481 492 quid
525 419 668 474 dixit
713 427 809 474 aut
851 419 987 493 quid
1030 420 1247 476 tacuit?
1294 419 1347 475 ‘o
1390 421 1557 476 rebus
1602 419 1739 476 meis

201 511 290 560 50
425 522 536 560 non
581 505 832 560 infideles
879 505 1139 573 arbim-ae,

343 590 480 648 Nox
523 597 582 644 et
623 589 824 660 Diana,
869 609 1012 663 quae
1057 590 1347 646 silentium
1391 591 1539 664 regis

425 693 631 729 aroana
671 693 793 731 cnm
839 677 980 731 fiunt
1023 694 1197 740 sacra,

339 779 487 816 nnnc
529 778 676 815 nune
719 763 930 830 adeste,
978 779 1128 816 nnnc
1170 762 1230 814 in
1274 760 1495 816 hostilis
1539 763 1733 817 domos

435 846 574 900 iram
619 853 786 918 atque
831 865 1034 901 numen
1080 847 1299 901 vertite.

203 938 288 988 55
336 931 708 987 formidolosis
754 934 885 987 dum
931 933 1110 986 latent
1151 932 1307 986 silvis
1352 931 1501 986 ferae

426 1016 577 1070 dulci
621 1035 820 1090 sopore
867 1018 1180 1089 languidae,

336 1119 546 1168 senem,
590 1104 736 1173 qnod
784 1120 974 1157 omnes
1018 1101 1256 1169 rideant,
1304 1102 1617 1156 adulterum

423 1188 632 1242 latrent
676 1187 998 1242 Suburanae
1041 1206 1206 1242 canes

342 1274 516 1326 nardo
560 1282 906 1343 perunctum,
953 1273 1116 1345 quale
1157 1290 1271 1326 non
1313 1271 1610 1343 perfectius

207 1363 287 1414 60
423 1375 580 1412 meae
625 1358 928 1412 laborarint
971 1377 1188 1412 manus.

338 1441 472 1514 qnid
515 1443 756 1497 accidit?
803 1461 902 1498 our
945 1444 1066 1498 dira
1109 1445 1379 1498 barbarae
1421 1441 1601 1497 minus

423 1545 636 1582 venena
679 1529 914 1583 Medeae
957 1529 1192 1583 valent?

341 1613 542 1687 quibus
587 1615 879 1684 superbam
921 1614 1068 1685 fugit
1109 1614 1229 1668 ulta
1271 1611 1526 1683 pelicem,

425 1698 612 1770 magni
657 1699 909 1754 Creontis
953 1699 1138 1765 filiam,

215 1790 292 1839 65
343 1801 467 1838 oum
509 1784 674 1854 palla,
719 1784 854 1838 tabo
895 1803 1094 1838 munus
1137 1785 1413 1851 inbutum,
1458 1801 1659 1838 novam

423 1869 680 1923 incendio
724 1878 953 1941 nuptam
998 1869 1245 1924 abstulit.

339 1952 494 2026 atqui
538 1971 642 2008 neo
683 1955 854 2008 herba
895 1971 1002 2009 neo
1043 1955 1221 2009 latens
1266 1955 1323 2010 in
1368 1954 1579 2026 asperis

423 2039 588 2092 radix
630 2039 832 2094 fefellit
872 2057 960 2093 me
1003 2040 1158 2096 locis.

340 2123 609 2179 indormit
651 2124 830 2180 unctis
875 2124 1118 2179 omnium
1163 2125 1435 2179 cubilibus

212 2212 293 2264 70
428 2209 706 2264 oblivione
750 2209 1008 2281 pelicum.

341 2294 412 2348 ah
455 2295 544 2361 ah,
589 2295 804 2350 solutus
847 2295 1092 2349 ambulat
1133 2295 1413 2350 veneficae

425 2379 734 2434 scientioris
777 2380 1038 2436 carmine.

344 2482 455 2519 non
499 2464 740 2532 usitatis,
787 2465 952 2533 Vare,
998 2465 1340 2537 potionibus,

433 2568 466 2604 o
511 2551 686 2604 multa
725 2552 981 2605 fleturum
1026 2561 1206 2623 caput,

217 2640 294 2690 75
342 2635 414 2688 ad
457 2653 545 2688 me
589 2651 858 2702 recurres,
903 2653 1005 2691 neo
1047 2646 1245 2690 vocata
1287 2655 1443 2690 mens
1486 2644 1583 2691 tua

429 2719 632 2774 Marsis
676 2720 883 2776 redibit
924 2721 1172 2775 vocibus.

343 2804 520 2858 maius
565 2807 789 2877 parabo,
834 2806 1009 2861 maius
1055 2807 1339 2861 infundam
1382 2806 1485 2862 tibi

425 2889 731 2946 fastidienti
773 2893 1048 2964 poculum,

343 2973 609 3047 priusque
653 2977 863 3031 eaelum
907 2977 1054 3032 sidet
1093 2977 1319 3032 inferius
1363 2977 1499 3032 mari

220 3063 298 3116 80
427 3059 632 3115 tellure
674 3071 932 3133 porrecta
974 3080 1163 3135 super,

345 3163 512 3218 quam
554 3164 664 3200 non
707 3165 894 3202 amore
937 3146 1016 3201 sio
1059 3165 1182 3202 meo
1224 3150 1425 3219 flagres
1468 3146 1552 3201 uti

429 3223 678 3286 bitumen
721 3232 854 3287 atris
895 3231 1157 3304 ignibus)

346 3316 452 3370 sub
497 3317 634 3371 haec
675 3336 814 3390 puer
854 3317 964 3371 iam
1007 3336 1117 3372 non
1162 3325 1226 3372 ut
1268 3327 1397 3373 ante
1440 3317 1699 3373 mollibus

433 3401 607 3458 lenire
649 3401 833 3458 verbis
878 3403 1078 3475 inpias,

2038 260 2160 324 121
