2459 3959
304 287 395 352 211
1069 293 1494 359 CARMINVM

433 446 528 501 hic
569 446 758 502 vivum
801 446 936 501 mihi
981 450 1267 521 cespitem,
1314 452 1407 507 hic

513 536 801 603 verbenas,
845 533 1024 605 pueri,
1070 535 1261 607 ponite
1306 547 1541 613 turaque

311 627 381 677 15
430 618 565 675 bimi
610 636 733 673 cum
775 628 970 691 patera
1009 622 1180 675 meriz

513 713 751 761 mactata
793 705 977 761 veniet
1020 705 1200 762 lenior
1243 709 1446 767 hostia.

1221 966 1343 1024 XX

425 1090 554 1148 Vile
598 1091 816 1163 potabis
861 1092 1090 1149 modicis
1138 1093 1405 1149 Sabinum

425 1178 720 1245 cantharis,
763 1176 975 1235 Graeca
1018 1180 1168 1251 quod
1211 1197 1317 1251 ego
1360 1180 1477 1252 ipse
1520 1186 1669 1237 testa

427 1263 706 1319 conditum
750 1262 881 1332 levi,
928 1265 1088 1319 datus
1131 1263 1189 1317 in
1234 1267 1451 1323 theatro

553 1367 674 1404 cum
721 1349 823 1404 tibi
865 1350 1110 1422 plausus,

343 1481 375 1531 5
423 1476 570 1531 clare
611 1478 903 1533 Maecenas
949 1495 1138 1551 eques,
1183 1486 1247 1533 ut
1288 1480 1509 1551 paterni

419 1562 658 1617 fluminis
700 1563 854 1635 ripae
898 1563 1059 1619 simul
1104 1572 1162 1618 et
1202 1564 1391 1621 iocosa

423 1648 683 1703 redderet
726 1649 904 1703 laudis
947 1650 1050 1703 tibi
1090 1649 1351 1705 Vaticani

548 1733 751 1789 montis
794 1733 999 1805 imago·

422 1858 736 1916 Caecubum
780 1870 836 1917 et
878 1863 1036 1935 prelo
1081 1862 1351 1918 domitam
1396 1864 1602 1920 Caleno

301 1950 374 2001 10
421 1953 542 2000 tum
585 1947 742 2002 bibes
787 1966 982 2003 uvam:
1027 1966 1149 2003 mea
1192 1967 1295 2004 nec
1337 1949 1607 2005 Falernae

421 2038 730 2105 temperant
773 2033 912 2088 vites
957 2051 1138 2107 neque
1181 2034 1463 2089 Formiani

548 2119 749 2190 pocula
791 2119 976 2175 colles.

1188 2376 1349 2435 XXI

420 2500 657 2557 Dianam
699 2510 926 2559 tenerae
970 2503 1140 2560 dicite
1183 2504 1451 2576 virgines,

420 2587 715 2655 intonsum,
760 2588 937 2661 pueri,
982 2589 1154 2645 dicite
1199 2588 1497 2661 Cynthium

503 2673 882 2745 Latonamque
927 2694 1182 2747 supremo

587 2759 846 2814 dilectam
888 2760 1107 2832 penitus
1151 2761 1295 2816 Iovi.

337 2891 368 2939 5
417 2904 514 2940 vos
559 2887 760 2944 laetam
803 2889 985 2944 fluviis
1030 2897 1087 2945 et
1128 2910 1417 2946 nemorum
1462 2909 1634 2958 coma,

419 2989 779 3046 quaecunque
824 2983 920 3029 aut
961 2976 1148 3047 gelido
1190 2976 1471 3050 prominet
1514 2976 1743 3050 Algido,

503 3056 677 3129 nigris
721 3068 816 3115 aut
857 3062 1182 3133 Erymanthi

585 3144 737 3199 silvis
781 3154 875 3201 aut
917 3146 1108 3203 viridis
1157 3147 1339 3220 Gragi.

414 3289 513 3327 vos
559 3271 770 3338 Tempe
810 3267 1046 3323 totidem
1088 3268 1267 3323 tollite
1311 3267 1570 3322 laudibus

293 3362 366 3413 10
414 3358 783 3426 natalemque,
826 3372 1024 3422 mares,
1068 3354 1252 3409 Delon
1296 3352 1593 3426 Apollinis,

496 3443 880 3515 insignemque
923 3441 1185 3514 pharetra

582 3529 933 3599 fraternaque
979 3544 1225 3583 umerum
1271 3524 1410 3597 lyra.
