2459 3959
930 251 1179 307 LIBER.
1229 257 1389 306 5—8

1114 430 1231 486 VII

313 575 444 641 Quo
491 594 602 648 quo
642 577 868 631 scelesti
909 575 1114 631 ruitis?
1160 583 1259 630 aut
1302 593 1400 630 eur
1446 577 1691 632 dexteris

407 669 672 734 aptantur
715 679 874 716 enses
921 661 1170 717 conditi?

311 765 587 818 parumne
630 747 836 819 eampis
881 756 1050 819 atque
1091 747 1357 818 Neptuno
1404 765 1575 820 super

401 833 590 887 fusum
633 839 716 886 est
757 832 947 887 Latini
990 829 1275 904 sanguinis
1299 831 1326 884 ’ἓ

225 923 264 973 5
314 935 430 972 non
478 927 540 972 ut
583 918 848 989 superbas
891 918 1115 972 invidae
1161 917 1514 990 Carthaginis

403 1003 686 1057 Romanus
731 1002 874 1057 arcis
918 1010 1126 1071 ureret,

315 1088 561 1142 intactus
605 1096 702 1142 aut
743 1088 1050 1142 Britannus
1093 1095 1156 1141 ut
1201 1091 1569 1144 descenderet

404 1191 560 1228 saera
603 1181 891 1228 catenatus
937 1173 1045 1240 via,

314 1260 414 1312 sed
459 1266 522 1312 ut
566 1261 869 1313 seeundum
911 1268 1040 1312 vota
1084 1257 1417 1312 Parthorum
1461 1277 1561 1313 sua

184 1348 267 1396 10
403 1345 536 1397 urbs
581 1344 717 1398 haee
760 1343 971 1416 periret
1014 1345 1265 1398 dextera.

319 1446 504 1500 neque
547 1429 638 1483 hie
679 1429 826 1502 lupis
869 1447 988 1484 mos
1033 1447 1136 1484 neo
1179 1428 1283 1482 fuit
1326 1428 1581 1483 leonibus

408 1532 691 1585 nunquam
733 1514 840 1568 nisi
882 1513 942 1567 in
985 1514 1174 1585 dispar
1215 1513 1369 1567 feris.

315 1600 544 1654 furorne
588 1617 778 1654 caecos
821 1617 893 1653 an
933 1599 1082 1670 rapit
1122 1597 1206 1652 vis
1255 1599 1432 1654 acrior

401 1703 474 1738 an
519 1684 725 1756 culpa?
769 1703 1092 1755 responsum
1137 1685 1289 1738 date.

187 1773 264 1823 15
313 1777 521 1838 tacent,
568 1778 626 1823 et
668 1770 824 1824 albus
869 1787 966 1824 ora
1007 1769 1184 1842 pallor
1225 1757 1429 1824 inficit'

401 1861 730 1927 montesque
773 1855 1058 1928 perculsae
1103 1863 1344 1925 stupent.

317 1939 398 1995 sio
441 1947 548 1994 est:
595 1940 793 1995 acerba
835 1941 948 1994 fata
987 1941 1269 1995 Romanos
1314 1949 1489 2012 agunt

405 2025 700 2097 scelusque
741 2026 1020 2080 fraternae
1062 2024 1238 2092 necis,

315 2118 378 2164 ut
419 2109 742 2165 inmerentis
785 2110 947 2165 fluxit
988 2110 1047 2165 in
1089 2120 1297 2166 terram
1338 2110 1500 2166 Remi

191 2195 268 2247 20
403 2213 559 2250 sacer
601 2196 898 2267 nepotibus
941 2213 1124 2252 eruor.

1092 2540 1239 2596 VIII

313 2706 536 2778 Rogare
578 2709 747 2780 longo
791 2709 1040 2781 putidam
1083 2717 1140 2764 te
1187 2713 1409 2768 saeculo

406 2792 550 2848 vires
595 2794 730 2867 quid
774 2804 1005 2850 enervet
1047 2797 1234 2851 meas?

318 2894 443 2931 cum
487 2878 562 2934 sit
605 2880 708 2934 tibi
752 2882 888 2935 dens
933 2888 1056 2936 ater
1099 2891 1156 2936 et
1196 2883 1351 2956 rugis
1398 2890 1559 2938 vetus

402 2961 642 3019 frontem
685 2974 939 3021 senectus
985 2975 1193 3035 exaret,

236 3052 268 3099 5
318 3046 546 3120 hietque
587 3051 764 3123 turpis
807 3050 954 3106 inter
996 3051 1176 3108 aridas
1220 3053 1367 3108 natis

402 3136 584 3206 podex
625 3136 780 3192 velut
822 3139 1022 3193 crudae
1067 3139 1263 3194 bovis?

316 3221 418 3273 sed
460 3219 656 3274 incitat
697 3240 786 3276 me
827 3230 1021 3294 pectus
1065 3231 1123 3278 et
1165 3240 1433 3278 mammae
1474 3231 1685 3296 putres,

405 3305 606 3375 equina
648 3307 840 3379 quales
883 3310 1070 3376 ubera,

315 3398 621 3462 venterque
665 3392 846 3447 mollis
891 3402 949 3448 et
991 3395 1168 3450 femur
1210 3393 1551 3449 tumentibus

193 3481 265 3530 10
403 3476 550 3532 exile
595 3478 735 3534 suris
778 3479 1050 3537 additum.

2019 248 2144 310 128
