2459 3959
335 338 380 399 6
1096 346 1512 408 CARMJNVM

462 500 642 556 tollat.
686 500 778 556 hic
821 520 1050 576 magnos
1093 502 1277 575 potius
1321 504 1653 579 triumphos,

338 592 413 641 50
460 586 551 643 hic
595 605 742 642 ames
788 587 897 643 dici
939 596 1100 661 pater
1143 598 1309 661 atque
1352 591 1629 663 princepS,

458 691 570 727 neu
614 671 761 729 sinas
804 674 1003 731 Medos
1049 674 1299 747 equitare
1340 676 1545 731 inultos

588 765 646 814 te
688 762 844 829 duce,
890 759 1111 817 Caesar.

1254 966 1346 1021 111

467 1108 558 1167 Sic
599 1118 656 1166 te
701 1111 827 1166 diva
867 1119 1063 1184 potens
1107 1110 1297 1183 Cypri,

549 1197 628 1253 sic
668 1197 866 1252 fratres
909 1198 1177 1265 Helenae,
1221 1197 1409 1253 lucida
1451 1195 1648 1266 sidera,

463 1290 858 1354 ventorumque
900 1291 1059 1355 regat
1101 1291 1260 1354 pater

547 1368 822 1423 obstrictis
867 1368 988 1424 aliis
1031 1376 1253 1441 praeter
1296 1369 1518 1442 iapyga,

383 1495 413 1543 5
462 1486 633 1556 navia,
680 1504 820 1561 quae
862 1487 966 1542 tibi
1010 1488 1281 1544 creditum

550 1574 719 1629 debes
763 1573 1089 1646 Vergilium,
1135 1573 1337 1629 finibus
1381 1573 1587 1629 Atticis

459 1659 658 1714 reddas
702 1658 1030 1714 incolumem
1072 1676 1271 1731 precor

544 1751 600 1798 et
644 1761 829 1801 serves
874 1744 1088 1799 animae
1134 1743 1420 1831 dimidium
1465 1761 1641 1801 meae.

461 1872 546 1927 illi
587 1874 756 1928 robur
799 1880 856 1927 et
898 1891 992 1929 aes
1034 1872 1242 1946 triplex

341 1964 412 2013 10
544 1957 688 2013 circa
730 1968 922 2030 pectus
966 1967 1104 2027 erat,
1151 1960 1249 2031 qui
1290 1960 1555 2031 fragilem'
1583 1958 1727 2015 truci

461 2044 716 2099 conmisit
756 2044 954 2117 pelago
997 2052 1172 2099 ratem

543 2129 769 2201 primus,
816 2148 918 2185 nec
959 2130 1145 2185 timuit
1187 2130 1545 2204 praecipitem
1591 2130 1820 2186 africum

461 2260 833 2313 decertantem
877 2259 1247 2331 aquilonibuS,

541 2362 648 2399 nec
686 2343 859 2399 tristis
902 2346 1126 2416 hyadas,
1172 2364 1275 2400 nec
1317 2347 1528 2403 rabiem
1570 2344 1711 2412 noti,

340 2436 410 2485 15
461 2447 572 2502 quo
615 2447 727 2483 non
771 2429 975 2485 arbiter
1017 2431 1261 2486 Hadriae

543 2513 734 2584 maior,
780 2516 977 2571 tollere
1020 2534 1119 2570 seu
1161 2535 1370 2588 ponere
1413 2516 1532 2573 volt
1572 2516 1737 2573 freta.

461 2643 651 2716 [quem
694 2644 886 2699 mortis
930 2644 1114 2700 timuit
1155 2646 1403 2719 gradum,

541 2728 637 2802 qui
679 2728 836 2785 siccis
881 2731 1052 2786 oculis
1098 2741 1343 2787 monstra
1386 2731 1649 2799 natantia,

460 2814 556 2886 qui
599 2814 739 2869 vidit
783 2833 933 2871 mare
975 2817 1259 2873 turbidum
1302 2826 1359 2873 et

338 2906 411 2956 20
543 2899 760 2955 infamis
807 2903 1060 2974 scopulos
1107 2900 1576 2969 Acroceraunia?]

458 3027 791 3099 nequiquam
834 3030 969 3084 deus
1012 3030 1249 3085 abscidit

539 3115 781 3184 prudens
825 3132 1030 3169 oceano
1077 3116 1413 3171 dissociabili

459 3206 654 3265 terras,
702 3198 748 3254 si
791 3209 976 3255 tamen
1018 3201 1202 3272 inpiae

540 3301 652 3338 non
693 3287 974 3359 tangenda
1016 3294 1162 3341 rates
1206 3286 1524 3341 transiliunt
1566 3287 1724 3341 vada.

337 3416 412 3466 25
461 3412 642 3466 audax
685 3413 868 3468 omnia
909 3413 1126 3486 perpeti

539 3515 676 3568 gens
719 3499 958 3553 humana
999 3498 1110 3554 ruit
1152 3516 1255 3570 per
1295 3498 1526 3553 vetitum
1574 3498 1761 3553 nefas:

454 3583 634 3637 audax
676 3582 856 3656 Iapeti
899 3601 1072 3655 genus

537 3667 722 3740 ignem
764 3670 959 3725 fraude
1002 3668 1146 3725 mala
1186 3670 1443 3741 gentibus
1486 3668 1711 3737 intulit;
