2459 3959
313 308 443 371 218
1012 312 1574 371 EPISTVLARVM

323 1388 396 1439 10

320 1816 393 1865 15

324 3373 397 3421 10

1214 468 1366 524 XIII

439 614 523 671 Vt
564 614 1011 687 proficiscentem
1057 615 1226 669 docui
1271 624 1330 669 te
1375 632 1542 687 saepe
1587 613 1820 685 diuque,

439 700 699 773 Augusto
742 702 945 757 reddes
991 700 1213 773 signata
1253 700 1558 769 volumina,
1601 700 1756 765 Vini,

440 784 488 839 si
531 785 767 852 validus,
815 785 861 839 si
906 786 1083 840 laetus
1128 785 1255 854 erit,
1301 786 1350 840 si
1395 786 1638 858 denique
1683 796 1913 857 poscet3

438 888 509 926 ne
553 871 740 927 studio
784 870 962 925 nostri
1006 889 1226 946 pecces,
1275 870 1578 944 odiumque
1621 870 1824 927 libellis

441 957 669 1012 sedulus
714 956 981 1028 inportes,
1029 974 1201 1029 opera
1245 957 1574 1012 vehemente
1618 956 1887 1013 minister.

441 1040 490 1096 si
532 1049 591 1097 te
633 1042 779 1097 forte
823 1059 980 1097 meae
1024 1042 1212 1114 gravis
1259 1050 1384 1097 uret
1429 1041 1646 1097 sarcina
1689 1042 1935 1112 chartae,

442 1126 647 1181 abicito
690 1126 879 1199 potius
923 1146 1091 1199 quam
1135 1146 1247 1201 quo
1292 1128 1544 1200 perferre
1586 1126 1798 1185 iuberis

441 1211 677 1267 clitellas
720 1213 872 1268 ferus
914 1212 1171 1285 inpingas
1218 1212 1543 1285 Asinaeque
1587 1220 1882 1285 paternum

443 1314 750 1369 cognomen
794 1307 983 1354 vertas
1026 1298 1083 1353 in
1129 1297 1304 1353 risum
1349 1306 1408 1353 et
1449 1297 1642 1353 fabula
1685 1299 1806 1356 fias.

445 1382 657 1439 viribus
706 1383 875 1439 uteris
920 1402 1024 1457 per
1068 1384 1270 1451 clivos,
1319 1384 1564 1451 flumina,
1608 1382 1814 1439 lamas:

444 1468 626 1524 victor
668 1468 944 1542 propositi
990 1469 1153 1525 simul
1196 1488 1262 1525 ac
1304 1469 1625 1542 perveneris
1672 1468 1826 1536 illuc,

444 1554 523 1608 sic
566 1555 807 1628 positum
851 1555 1100 1619 servabis
1147 1574 1308 1624 onus,
1353 1574 1426 1611 ne
1469 1555 1616 1611 forte
1661 1556 1765 1611 sub
1811 1555 1900 1609 ala

442 1640 764 1696 fasciculum
808 1649 998 1714 portes
1043 1642 1315 1698 librorum
1358 1650 1417 1697 ut
1463 1640 1704 1697 rusticus
1749 1659 1974 1713 agnum,

442 1733 506 1781 ut
549 1726 743 1782 vinosa
785 1728 1005 1800 glomus
1049 1728 1292 1783 furtivae
1336 1726 1614 1799 †Pyrrhia
1658 1728 1845 1796 lanae,

440 1818 506 1865 ut
550 1830 675 1868 cum
716 1812 921 1885 pileolo
967 1812 1147 1869 soleas
1195 1812 1432 1868 conviva
1473 1811 1717 1871 tribulis.

439 1912 545 1952 nec
588 1898 754 1970 volgo
798 1915 989 1954 narres
1033 1906 1091 1953 te
1137 1897 1428 1953 sudavisse
1471 1898 1702 1953 ferendo

442 1981 687 2037 carmina
730 2002 873 2055 quae
916 1983 1135 2055 possint
1182 1984 1374 2038 oculos
1418 1981 1682 2055 aurisque
1724 1980 1930 2039 morari

442 2067 723 2136 Caesaris;
770 2077 959 2123 oratus
1004 2071 1177 2124 multa
1221 2085 1410 2141 prece,
1455 2068 1659 2124 nitere.
1707 2086 1876 2141 porro

446 2154 607 2222 vade,
653 2155 813 2211 vale:
860 2172 993 2210 cave
1038 2173 1109 2211 ne
1152 2154 1365 2211 titubes
1411 2156 1788 2227 mandataque
1831 2153 2079 2227 frangas·

1234 2454 1384 2511 XIV

442 2595 629 2655 Vilice
670 2595 937 2653 silvarum
982 2605 1041 2654 et
1081 2598 1219 2654 mihi
1265 2618 1354 2656 me
1397 2597 1684 2655 reddentis
1729 2597 1918 2669 agelli,

442 2700 609 2755 quem
650 2690 715 2739 tu
757 2683 977 2738 fastidis
1021 2684 1330 2741 habitatum
1375 2685 1623 2758 quinque
1664 2684 1806 2741 focis
1851 2692 1913 2739 et

441 2769 688 2843 quinque
731 2770 907 2825 bonos
954 2769 1181 2825 solitum
1227 2770 1452 2827 Variam
1497 2770 1780 2825 dimittere
1823 2777 2036 2842 patres,

446 2862 743 2922 certemus,
787 2854 975 2927 spinas
1020 2856 1280 2911 animone
1325 2874 1431 2928 ego
1475 2856 1676 2913 fortius
1721 2873 1791 2909 an
1835 2861 1902 2909 tu

448 2939 653 2995 evellas
698 2956 858 3011 agro,
907 2947 966 2995 et
1006 2941 1205 2996 melior
1249 2940 1325 2997 sit
1365 2942 1638 2997 Horatius
1683 2958 1755 2997 an
1796 2957 1911 2997 res.

442 3042 532 3080 me
576 3025 831 3097 quamvis
872 3025 1101 3081 Lamiae
1143 3026 1324 3099 pietas
1369 3034 1428 3083 et
1473 3042 1607 3083 cura
1647 3035 1917 3095 moratur,

442 3111 673 3166 fratrem
715 3112 1034 3179 maerentis,
1079 3120 1242 3185 rapto
1288 3113 1360 3167 de
1403 3112 1574 3167 fratre
1619 3110 1865 3167 dolentis

441 3195 829 3265 insolabiliter,
874 3205 1061 3253 tamen
1106 3198 1250 3253 istuc
1292 3216 1448 3253 mens
1491 3198 1819 3269 animusque

442 3282 552 3336 fert
595 3290 651 3335 et
694 3290 843 3337 amat
886 3282 1082 3353 spatiis
1126 3282 1408 3339 obstantia
1449 3300 1703 3355 rumpere
1747 3283 2012 3336 claustra.

446 3383 575 3421 rure
620 3384 726 3437 ego
770 3366 1073 3437 viventem,
1116 3376 1179 3423 tu
1222 3368 1366 3424 dicis
1409 3367 1468 3424 in
1513 3370 1654 3423 urbe
1696 3370 1960 3423 beatum:

446 3450 537 3505 cui
578 3451 767 3520 placet
810 3452 1063 3520 alterins,
1107 3471 1210 3509 sua
1251 3452 1513 3509 nimirum
1555 3460 1644 3509 est
1685 3453 1818 3509 odio
1863 3469 2004 3507 sors.

453 3534 655 3589 stultus
700 3542 935 3608 uterque
976 3537 1162 3594 locum
1206 3538 1530 3595 inmeritum
1575 3547 1862 3596 caussatur
1903 3534 2129 3607 inique=
