2459 3959
350 318 573 363 XXXIV

353 451 598 527 BHM,
667 453 844 538 quod
902 453 1343 535 reponendum
1401 463 1563 519 erat.
1609 452 1691 517 ef.
1736 453 1794 517 B
1841 453 1924 518 ad
1972 453 2043 519 S.
2086 452 2183 519 II.
2238 462 2307 523 5.

351 543 434 604 76
467 540 492 621 ΙΙ
520 542 606 603 30
639 562 673 603 o
698 551 867 603 terra
889 538 1119 604 BHM.
1138 551 1194 603 et
1217 551 1381 603 terra
1404 537 1559 621 er.
1584 537 1711 623 Ply
1732 538 1869 627 Ritp
1897 540 1927 623 ΙΙ
1958 542 2039 605 33
2112 564 2313 607 urens

348 622 570 687 BHM.
615 625 812 689 vir-em
856 624 958 689 vel
1001 648 1182 689 urens
1225 623 1373 687 libri
1404 624 1429 707 ΙΙ
1461 628 1543 690 39
1586 625 1849 689 iuvencis
1892 623 1951 689 B
1989 623 2059 709 (ο
2090 674 2104 689 .
2130 623 2214 691 C.
2246 626 2307 693 Ι.

352 711 408 773 4.
438 710 519 772 12
554 754 569 772 .
615 712 894 775 iuvencos
935 708 1084 775 libri
1115 710 1140 794 ΙΙ
1173 710 1255 777 42
1300 711 1488 777 vicem
1530 708 1587 773 B
1609 706 1728 775 Or.
1758 711 1785 792 ΙΙ
1818 711 1899 772 62
1938 713 2048 775 sed
2088 710 2313 776 BHM

355 792 517 873 (Got
567 842 584 859 .
636 795 726 879 2).
771 798 828 860 εἰ
868 791 959 860 Cr
1008 841 1023 858 .
1069 793 1194 881 Ply
1238 795 1267 877 ΙΙ
1318 796 1403 859 64
1444 794 1757 861 doloribus
1802 807 1866 859 et
1910 797 1994 861 72
2038 798 2314 863 innectes

350 890 500 945 ante
547 879 620 943 Β.
666 880 928 945 reduxit
962 820 1112 967 (iPly
1163 881 1189 963 ss
1242 882 1326 944 78
1375 901 1473 962 sq.
1524 902 1811 966 possum,
1882 884 1962 946 80
2002 883 2311 967 poculum

351 980 498 1029 ante
543 964 618 1029 B.
679 1000 768 1015 —-
829 965 906 1029 In
963 964 1089 1031 fine
1147 964 1403 1051 epodon
1462 965 1851 1050 subscriptio
1898 980 2151 1031 servata
2198 982 2309 1032 est

367 1051 548 1116 Vettii
588 1052 813 1137 Ayorii
852 1052 1090 1117 Basilii
1128 1051 1431 1117 Mavortii
1472 1052 1537 1115 in
1586 1051 1774 1117 codd.
1816 1048 2101 1117 Bentleii
2132 1051 2303 1118 Lei-

346 1135 529 1201 densi
593 1149 655 1201 et
699 1135 1056 1221 Reginensi
1104 1137 1214 1215 (ef.
1262 1134 1463 1221 praef.
1509 1134 1612 1201 ed.
1658 1136 1847 1221 Lips.
1892 1137 2054 1203 1826
2097 1157 2165 1221 Ρ.
2195 1141 2297 1220 x).

346 1221 412 1285 in
474 1220 786 1286 Parisinis
847 1226 1014 1289 7972
1075 1234 1136 1285 et
1203 1223 1374 1288 8216
1417 1220 1735 1302 KKirehn.
1802 1244 1951 1287 nov.
2017 1234 2297 1306 quaestt.

351 1329 411 1391 p.
460 1308 562 1371 45.
630 1303 925 1372 CLRoth
968 1308 1036 1371 in
1078 1306 1318 1373 Philol.
1359 1304 1458 1371 X.
1505 1304 1695 1386 311),
1760 1306 1828 1370 in
1876 1306 2197 1373 Gothano.
2232 1313 2295 1393 2,

347 1416 424 1455 ex
472 1414 602 1477 quo
645 1391 892 1458 Jacobs
939 1406 1002 1457 et
1036 1391 1247 1457 Vkert
1280 1392 1591 1477 Beitrage
1637 1418 1693 1457 z.
1741 1393 1856 1456 alt.
1888 1392 2017 1457 Lit.
2062 1393 2117 1457 Ι.
2143 1395 2292 1461 236.

346 1476 620 1543 Kirehn.
679 1501 744 1543 n.
790 1500 895 1562 qu.
953 1479 1055 1543 24.
1101 1477 1319 1563 Pauly
1360 1500 1425 1564 Ρ.
1461 1479 1605 1545 208.
1650 1477 1811 1543 Ritt.
1860 1499 1924 1561 p.
1954 1497 2182 1543 xxxlx
2228 1492 2293 1545 et

347 1564 471 1627 490
515 1562 803 1652 paullum
849 1563 1008 1644 quid
1045 1562 1303 1629 diversa
1342 1563 1843 1649 exscripserunt.
1888 1565 1971 1629 ef.
2017 1564 2291 1631 Lachm.

347 1651 413 1711 in
461 1671 605 1713 ann.
652 1648 848 1732 antiq.
895 1649 1063 1712 stud.
1116 1649 1279 1713 1845
1323 1668 1391 1731 Ρ.
1419 1648 1563 1715 492.
1609 1646 1849 1715 OJahn
1895 1649 1961 1713 in
1987 1647 2292 1714 Berichte

347 1735 408 1796 d.
429 1733 657 1819 Leipz.
696 1732 1060 1799 Gesellsoh.
1106 1732 1170 1797 d.
1195 1734 1405 1799 Wiss.
1449 1733 1607 1819 phil.
1632 1734 1782 1798 hist.
1808 1731 1907 1800 Ol.
1931 1737 2113 1803 1851.
2140 1738 2287 1803 353.

345 1818 633 1885 IHorkel
675 1818 844 1883 anal.
891 1818 1058 1884 Hor.
1103 1841 1168 1904 p.
1194 1820 1231 1884 5
1280 1840 1423 1903 sqq.

907 2034 1383 2097 summm
1440 2035 1594 2096 Lm.
1654 2036 1705 2096 Ι.

518 2158 717 2225 SAT.
761 2160 817 2225 Ι.
866 2162 946 2225 18
990 2161 1129 2225 heia
1171 2180 1253 2224 ex
1280 2157 1477 2226 Goth.
1523 2161 1566 2227 2
1604 2157 1729 2244 Ply
1758 2160 1786 2242 ΙΙ
1816 2165 1895 2228 21
1938 2174 2083 2247 post
2126 2163 2287 2241 haec,

355 2246 435 2309 46
481 2267 667 2330 quam
707 2268 909 2322 meua,
971 2250 1053 2310 55
1097 2245 1370 2323 mallem,
1428 2243 1512 2311 59
1559 2246 1832 2324 tantulo,
1897 2249 1975 2311 81
2025 2248 2285 2333 adflixit,

349 2332 430 2395 83
473 2333 691 2395 reddat
731 2332 952 2415 quatis,
1004 2334 1120 2396 111
1168 2331 1411 2395 meliori
1451 2340 1596 2395 ante
1641 2330 1697 2395 B
1726 2331 1757 2414 ΙΙ
1788 2333 1870 2397 28
1914 2333 2025 2416 qui
2062 2345 2285 2399 terram

349 2428 495 2501 post
536 2415 1032 2481 Praedicovium
1077 2414 1168 2479 M.
1207 2414 1409 2501 praef.
1454 2434 1652 2482 xxm.
1700 2428 1923 2481 terram
1968 2420 2081 2503 qui
2120 2418 2282 2483 libri.

346 2503 428 2565 cf.
461 2499 520 2565 B
568 2500 651 2566 ad
694 2501 764 2567 S.
795 2500 850 2565 Ι.
886 2505 945 2567 3.
983 2504 1147 2579 117;
1197 2504 1296 2565 10.
1332 2503 1411 2569 57
1443 2502 1593 2581 (49).
1638 2500 1725 2565 Π.
1756 2506 1815 2567 2.
1853 2500 1994 2567 106.
2043 2502 2167 2589 ΕΡ.
2189 2503 2279 2571 ΙΙ.

353 2592 412 2652 3.
460 2587 586 2652 260
619 2589 642 2668 ss
674 2587 926 2654 88--91
975 2611 1058 2652 an
1083 2632 1101 2651 .
1125 2584 1410 2673 ,frenisi'
1450 2609 1532 2651 ex
1574 2584 1768 2652 duob.
1813 2586 2091 2654 Blandd.
2128 2589 2276 2655 BH.

352 2683 416 2736 at
445 2718 464 2736 .
496 2717 515 2735 .
543 2672 738 2750 frenis
783 2670 937 2754 er.
969 2672 1046 2737 M
1070 2672 1194 2757 Ply
1221 2672 1252 2754 ΙΙ
1286 2674 1407 2738 108
1452 2675 1563 2759 qui
1602 2694 1778 2737 nemo
1824 2685 1892 2738 ut
1936 2698 2161 2739 avarus
2202 2698 2281 2745 ex

347 2757 584 2822 Bland.
631 2771 760 2821 ant.
804 2757 1098 2842 HMPly.
1142 2758 1381 2823 ‘nemon’
1424 2770 1493 2823 ut
1539 2782 1763 2823 avarus
1806 2757 1885 2822 Β.
1908 2783 2070 2825 nunc
2106 2783 2277 2827 nemo

346 2855 417 2907 ut
482 2866 708 2907 avarus
749 2842 1085 2909 Ritsehelii
1153 2843 1321 2908 coni.
1388 2865 1492 2928 ap.
1535 2842 1880 2928 Paulyum.
1936 2848 2098 2911 unde
2156 2848 2281 2911 abii

345 2929 542 2993 redeo.
615 2952 788 2994 nemo
849 2931 961 3015 qui
1012 2931 1098 3017 fit
1173 2940 1243 2992 ut
1310 2951 1536 2997 avarus
1610 2926 2035 2994 CSehwenck
2094 2930 2159 2994 in
2213 2955 2275 2997 n.

345 3037 514 3083 mus.
558 3012 739 3080 rhen.
783 3013 878 3078 X.
926 3018 1049 3080 310
1084 3018 1107 3095 11
1142 3012 1264 3081 113
1310 3016 1497 3079 obstet
1524 3012 1840 3078 Wieland.
1876 3014 2039 3079 HM.
2084 3019 2278 3082 obstat

345 3122 453 3185 vg.
520 3135 604 3145 —
670 3098 863 3166 SAT.
907 3099 1000 3166 II.
1047 3102 1085 3165 2
1133 3100 1503 3165 balatrones:
1571 3098 1653 3163 cf.
1719 3099 1990 3164 Lachm.
2057 3100 2140 3163 ad
2198 3101 2276 3167 L.

347 3206 407 3269 p.
443 3185 562 3251 195
600 3208 693 3271 sq.
745 3186 774 3266 ΙΙ
830 3188 908 3250 13
953 3208 1032 3251 ex
1078 3184 1198 3271 Ep.
1232 3181 1321 3249 11.
1368 3188 1425 3249 3.
1472 3184 1593 3251 421
1642 3184 1913 3249 inlatum
1956 3185 2279 3252 eiecerunt

349 3269 840 3339 Sanadon.HM
872 3272 896 3356 ΙΙ
927 3274 1008 3339 25
1027 3270 1417 3335 Malthinuse
1449 3268 1797 3336 ef.Buttm.
1824 3268 2033 3354 Myth.
2055 3270 2112 3337 Ι.
2133 3275 2275 3341 334.

345 3354 641 3422 Niebuhr
727 3356 943 3423 Vortr.
1021 3356 1125 3420 fib.
1210 3359 1369 3421 riim.
1448 3355 1691 3424 Geseh.
1772 3353 1897 3421 111.
1970 3357 2091 3423 134
2168 3359 2275 3435 (al.

347 3441 635 3531 Madvig.
671 3465 896 3529 opusc.
921 3441 974 3505 I.
999 3444 1132 3518 64).
1183 3441 1565 3516 (Malo-Mnus
1586 3442 1665 3507 B.
1690 3440 1929 3507 Frank.
1951 3442 2097 3507 fast.
2123 3442 2276 3509 Hor.

346 3552 408 3615 p.
433 3529 548 3611 85)
584 3536 610 3614 ΙΙ
643 3532 721 3595 27
748 3530 830 3595 ef.
856 3528 1076 3593 Madv.
1117 3524 1204 3591 ib.
1229 3551 1295 3615 p.
1320 3533 1423 3596 70.
1479 3526 1830 3616 Gorgonius
1867 3526 1929 3591 h.
1955 3526 1997 3593 1.
2023 3542 2087 3593 et
2110 3530 2167 3595 4.
2194 3534 2271 3599 92
