2459 3959
950 268 1101 326 LIB-
1145 269 1193 326 Ῑ.
1242 276 1445 327 28--2
1460 278 1488 327 6

380 440 497 477 non
538 421 680 478 lenis
723 422 982 495 precibus
1025 424 1142 478 fata
1182 426 1472 481 recludere

377 508 542 581 nigro
586 508 894 579 conpulerit
935 508 1245 567 Mercurius
1289 512 1447 585 gregi
1464 510 1493 565 ⁴?

379 596 614 648 durum:
675 596 772 648 sed
815 593 992 649 levius
1035 596 1098 651 fit
1140 596 1411 670 patientia

241 686 324 735 20
465 678 736 752 quidquid
779 680 1060 752 corrigere
1104 693 1190 738 est
1229 684 1403 737 nefas.

1140 937 1316 993 XXV

375 1064 606 1121 Parcius
648 1064 862 1120 iunctas
908 1066 1166 1140 quatiunt
1207 1068 1479 1123 fenestras

375 1149 612 1206 iactibus
657 1150 862 1205 crebris
905 1152 1132 1207 iuvenes
1175 1154 1421 1225 protervi

377 1253 485 1291 nec
528 1234 630 1290 tibi
675 1254 894 1291 somnos
938 1238 1203 1307 adimunt,
1252 1246 1507 1310 amatque

465 1322 632 1376 ianua
671 1320 860 1391 limen,

287 1455 324 1503 5
375 1467 522 1522 quae
563 1449 717 1521 prius
761 1449 996 1503 multum
1038 1450 1212 1505 facilis
1258 1452 1515 1507 movebat

376 1534 664 1603 cardinem
709 1534 866 1589 audis
910 1536 1090 1589 minus
1136 1544 1196 1590 et
1238 1536 1426 1592 minus
1469 1537 1579 1591 iam

377 1618 490 1674 ‘me
532 1627 629 1675 tuo
670 1620 864 1693 longas
907 1628 1176 1692 pereunte
1220 1624 1420 1690 noetio,

463 1704 663 1776 Lydia,
709 1705 913 1761 dormis
927 1706 973 1759 ’Υ

381 1832 619 1888 invicem
663 1834 918 1888 moechos
962 1852 1099 1888 anus
1145 1835 1469 1907 adrogantis

257 1934 280 1973 ι
303 1924 336 1975 O
385 1918 545 1974 flebis
589 1917 650 1973 in
693 1918 809 1973 solo
853 1918 993 1974 levis
1039 1919 1356 1991 angiportu,

377 2003 653 2061 Thraecio
696 2005 998 2059 bacchante
1039 2005 1214 2077 magis
1261 2008 1363 2061 sub
1408 2006 1585 2062 inter-

467 2089 623 2144 lunia.
663 2097 832 2144 vento

381 2237 507 2273 cum
548 2217 652 2272 tibi
694 2220 932 2289 flagrans
977 2236 1132 2273 amor
1175 2226 1235 2272 et
1276 2218 1471 2283 libido,

383 2322 524 2376 quae
567 2303 708 2357 solet
749 2312 950 2382 matres
994 2304 1198 2357 furiare
1245 2323 1529 2375 equorum,

254 2395 332 2444 15
383 2389 596 2445 saeviet
640 2388 786 2443 circa
827 2388 980 2443 iecur
1023 2390 1358 2459 ulcerosum,

469 2493 585 2528 non
628 2474 747 2529 sine
790 2482 990 2545 questu

382 2601 528 2656 laeta
572 2603 721 2675 quod
764 2602 940 2675 pubes
985 2604 1150 2656 edera
1193 2602 1411 2657 virente

388 2689 626 2757 gaudeat
666 2688 819 2760 pulla
860 2687 1035 2760 magis
1080 2695 1246 2759 atque
1288 2696 1489 2759 myrtO,

387 2771 569 2827 aridas
613 2772 823 2827 frondis
867 2772 1064 2828 hiemis
1109 2773 1287 2827 sodali

262 2862 339 2912 20
475 2858 692 2913 dedicet
735 2876 888 2913 euro.

1125 3098 1331 3156 XXVI

385 3243 562 3299 Musis
607 3244 812 3299 amicus
857 3243 1138 3299 tristitiam
1184 3253 1246 3299 et
1286 3254 1467 3300 metus

382 3331 597 3384 tradam
639 3329 912 3401 protervis
957 3330 1012 3384 in
1058 3348 1210 3384 mare
1256 3330 1531 3385 Creticum

467 3423 691 3489 portare
733 3415 932 3484 ventis,
979 3416 1102 3488 quis
1148 3418 1251 3471 sub
1295 3414 1466 3471 Arcto

553 3518 657 3555 rex
701 3500 918 3574 gelidae
961 3509 1239 3557 metuatur
1283 3520 1432 3567 orae,
