2459 3959
298 537 421 588 285

298 964 423 1014 240

297 1389 418 1440 245

290 1815 408 1867 250

288 2240 405 2295 255

287 2669 407 2721 260

1052 377 1287 433 LIBER
1329 378 1406 433 Π.
1457 386 1488 435 8
2115 371 2243 438 251

466 534 770 605 verbaque,
813 532 1064 600 Pisones,
1108 532 1434 603 Satyrorum
1478 530 1715 604 scriptor
1758 535 1981 606 amabe,

465 636 570 674 nec
612 619 693 673 sic
734 618 915 673 enitar
956 618 1173 690 tragico
1217 617 1438 674 differre
1483 617 1677 685 colori,

465 712 529 758 ιιι
570 703 711 758 nihil
752 703 973 759 intersit
1014 703 1281 759 Davusne
1323 702 1585 776 loquatur
1627 710 1687 758 et
1728 706 1914 760 audax

466 788 697 859 Pythias
740 796 997 844 emuncto
1043 789 1259 843 lucrata
1305 784 1532 844 Simone
1575 789 1872 859 talentum,

466 892 539 929 an
582 880 767 929 custos
808 874 1159 946 famuhsque
1203 873 1294 929 dei
1341 874 1563 930 Silenus
1610 874 1834 929 alumni.

469 976 544 1014 ex
585 967 721 1014 noto
764 960 957 1014 fictum
1002 976 1225 1015 carmen
1270 977 1491 1032 sequar,
1533 965 1598 1012 ut
1641 960 1748 1015 sibi
1792 960 1976 1032 quivis

468 1052 654 1117 speret
695 1044 867 1114 idem,
914 1047 1077 1099 sudet
1118 1047 1357 1101 multum
1397 1046 1718 1117 frustraque
1763 1046 1980 1101 laboret

465 1148 631 1185 ausus
676 1130 863 1186 idem:
904 1138 1125 1185 tantum
1170 1131 1342 1187 series
1386 1130 1754 1204 iuncturaque
1796 1131 1995 1202 pollet,

462 1223 681 1271 tantum
724 1217 796 1271 de
838 1215 1023 1270 medio
1068 1215 1304 1289 sumptis
1351 1214 1566 1271 accedit
1608 1215 1852 1271 honoris.

460 1299 613 1355 silvis
658 1300 887 1356 deducti
931 1308 1163 1356 caveant
1206 1320 1298 1356 me
1341 1300 1525 1356 iudice
1567 1300 1767 1368 Fauni,

467 1402 539 1440 ne
583 1386 744 1441 velut
784 1386 963 1441 innati
1008 1385 1187 1441 triviis
1232 1404 1302 1442 ac
1342 1402 1521 1456 paene
1565 1385 1816 1441 forenses

460 1478 558 1526 aut
600 1472 831 1527 nimium
875 1471 1082 1527 teneris
1126 1472 1466 1527 iuvenentur
1504 1471 1763 1527 versibus
1807 1489 2070 1544 unquam,

458 1564 556 1611 aut
598 1558 865 1613 inmunda
908 1564 1138 1629 crepent
1182 1556 1664 1631 ignominiosaque
1707 1556 1890 1611 dicta:

458 1643 819 1697 offenduntur
859 1642 1008 1697 enim
1051 1643 1253 1715 quibus
1297 1651 1385 1698 est
1429 1661 1606 1715 equus
1653 1649 1712 1697 et
1753 1650 1914 1713 pater
1957 1650 2016 1697 et
2057 1658 2171 1712 res,

456 1745 579 1795 nec,
624 1728 811 1800 siquid
857 1728 1007 1784 fricti
1049 1728 1244 1784 ciceris
1287 1730 1491 1801 probat
1533 1736 1592 1783 et
1635 1727 1790 1781 nucis
1834 1735 2070 1799 emptor,

456 1812 647 1886 aequis
692 1813 974 1886 accipiunt
1017 1812 1217 1869 animis
1263 1816 1544 1870 donantve
1589 1830 1810 1869 corona.

455 1898 671 1969 syllaba
713 1899 884 1971 longa
926 1898 1085 1953 brevi
1130 1899 1381 1955 subiecta
1422 1906 1660 1955 vocatur
1701 1898 1934 1965 iambus,

452 2001 555 2056 pes
600 1984 775 2053 citus3
823 1986 971 2040 unde
1016 1984 1184 2039 etiam
1228 1984 1492 2041 trimetris
1537 2001 1852 2041 accrescere
1895 1982 2060 2039 iussit

453 2087 657 2125 nomen
701 2070 952 2136 iambeis‚
997 2088 1123 2125 cum
1166 2086 1330 2126 senos
1373 2072 1639 2127 redderet
1682 2069 1828 2125 ictus

452 2154 664 2227 primus
710 2158 781 2210 ad
825 2163 1137 2211 extremum
1181 2154 1376 2211 similis
1421 2156 1562 2212 sibi:
1609 2174 1724 2211 non
1765 2154 1848 2209 ita
1889 2154 2120 2225 pridem,

453 2240 670 2296 tardior
712 2250 779 2297 ut
820 2241 1014 2314 paullo
1059 2240 1394 2313 graviorque
1437 2240 1656 2297 veniret
1698 2242 1770 2295 ad
1813 2238 1983 2308 auris,

457 2328 735 2397 spondeos
783 2326 999 2381 stabilis
1044 2326 1102 2381 in
1147 2325 1274 2381 iura
1315 2334 1550 2398 paterna
1591 2326 1810 2399 recepit

458 2413 776 2467 commodus
820 2420 880 2467 et
920 2412 1159 2485 patiens,
1206 2429 1322 2466 non
1365 2420 1430 2467 ut
1475 2414 1544 2467 de
1590 2414 1724 2468 sede
1767 2410 2024 2467 secunda'

459 2497 687 2551 cederet
732 2506 829 2551 aut
874 2506 1078 2570 quarta
1120 2497 1423 2554 socialiter.
1468 2498 1560 2552 hic
1604 2505 1662 2553 et
1703 2498 1764 2552 in
1809 2496 1936 2551 Atti

454 2582 738 2637 nobilibus
782 2582 1050 2638 trimetris
1098 2590 1333 2655 apparet
1375 2600 1556 2652 rarus,
1603 2591 1662 2638 et
1707 2582 1855 2638 Enni

454 2665 514 2720 in
557 2683 819 2723 scaenam
862 2668 1060 2723 missos
1106 2686 1231 2723 cum
1275 2686 1480 2741 magno
1523 2671 1774 2741 pondere
1818 2682 2014 2722 versus

455 2759 553 2807 aut
594 2770 799 2825 operae
844 2753 1039 2809 celeris
1084 2753 1318 2808 nimium
1363 2770 1606 2826 curaque
1653 2753 1896 2809 carentis

454 2845 552 2891 aut
593 2838 883 2911 ignoratae
927 2838 1131 2911 premit
1174 2837 1310 2893 artis
1357 2838 1586 2895 crimine
1632 2840 1804 2912 turpi.

453 2939 566 2977 non
608 2924 791 2996 quivis
835 2925 993 2980 videt
1037 2924 1382 2979 inmodulata
1423 2932 1684 2997 poemata
1746 2924 1936 2991 iudex,

452 3014 521 3062 ει·
555 3011 685 3065 data
727 3010 996 3067 Romanis
1040 3010 1204 3066 venia
1250 3018 1336 3065 eat
1378 3010 1612 3081 indigna
1653 3010 1856 3082 poetis.

287 3095 405 3146 265
451 3090 736 3151 idcircone
779 3114 955 3169 vager
998 3095 1348 3168 scribamque
1391 3095 1669 3151 licenter?
1714 3113 1784 3150 an
1833 3092 2011 3151 omnis

451 3178 667 3235 visuros
707 3189 939 3254 peccata
982 3190 1174 3254 putem
1216 3198 1356 3249 mea,
1401 3189 1553 3237 tutus
1599 3187 1658 3237 et
1697 3181 1846 3237 intra

453 3280 608 3336 spem
650 3268 849 3323 veniae
894 3267 1129 3322 cautus?
1174 3266 1350 3321 vitavi
1397 3268 1639 3339 denique
1683 3268 1924 3339 culpam,

458 3367 569 3405 non
614 3351 840 3408 laudem
883 3352 1084 3410 merui.
1129 3370 1227 3407 vos
1275 3353 1614 3426 exemplaria
1663 3354 1878 3409 Graeca

460 3443 739 3493 nocturna
781 3446 1002 3494 versate
1044 3456 1234 3506 manu,
1279 3446 1496 3495 versate
1542 3438 1758 3495 diurna.

292 3522 413 3574 2⁷0
462 3528 521 3575 at
561 3522 737 3577 vestri
777 3523 976 3597 proavi
1019 3522 1315 3579 Plautinos
1359 3531 1416 3578 et
1458 3540 1719 3581 numeros
1766 3532 1826 3579 et

456 3604 760 3665 laudavere
796 3610 971 3679 sales,
1015 3607 1250 3664 nimium
1291 3609 1572 3682 patienter
1611 3618 1931 3684 utrumque,
