2459 3959
943 282 1089 337 LIB.
1137 284 1182 339 1.
1240 290 1393 339 1—-2

332 446 474 501 Iliae
519 444 650 497 dum
695 458 754 497 se
798 438 1028 494 nimium
1072 440 1326 510 querenti

327 531 500 585 iactat
541 528 803 595 ultorem,
850 542 1023 595 vagus
1067 535 1125 579 et
1167 524 1390 579 sinistra

331 616 539 671 labitur
581 612 703 685 ripa
744 611 879 666 Iove
921 630 1032 665 non
1076 610 1344 682 probante
1389 630 1449 665 u-

191 708 282 759 20
461 699 648 755 xorius
692 697 885 752 amnis.

329 850 520 904 audiet
563 849 699 905 civis
743 849 956 904 acuisse
997 850 1220 916 ferrum,

326 954 441 1008 quo
485 954 678 1007 graves
722 936 923 989 Persae
968 935 1164 989 melius
1207 924 1471 1006 perirent,

326 1020 518 1075 audiet
560 1038 774 1094 pugnas
817 1020 950 1075 vitio
997 1030 1289 1093 parentum

455 1124 579 1160 rara
622 1105 896 1161 iuventus.

187 1261 274 1309 25
329 1272 494 1325 quem
539 1260 702 1308 vocet
743 1254 928 1308 divom
969 1244 1209 1327 populus
1254 1254 1466 1309 ruentis

322 1337 523 1410 imperi
566 1339 769 1392 rebus?
812 1357 980 1411 prece
1024 1359 1134 1412 qua
1175 1340 1413 1411 fatigent

322 1424 570 1496 virgines
613 1432 838 1478 sanctae
879 1425 1056 1479 minus
1103 1426 1421 1481 audientem

450 1509 690 1563 carmina
733 1510 1004 1565 Vestam?

321 1655 413 1710 cui
455 1656 610 1710 dabit
649 1647 826 1729 partis
871 1658 1046 1711 scelus
1091 1657 1353 1729 expiandi

186 1743 274 1795 30
323 1741 613 1813 Iuppiter?
657 1744 880 1797 tandem
923 1741 1110 1797 venias
1157 1762 1446 1815 precamur

313 1828 466 1882 nube
511 1828 794 1883 candentis
838 1848 1053 1885 umeros
1098 1830 1347 1897 amictus,

445 1930 620 1986 augur
661 1914 896 1987 Apoll03

315 2058 431 2115 sive
474 2068 534 2114 tu
577 2061 768 2128 mavis,
811 2060 1053 2132 Erycina
1093 2060 1297 2125 fidene,

317 2164 480 2217 quam
521 2146 684 2201 Iocus
731 2147 936 2217 circum
981 2147 1132 2201 volat
1173 2155 1230 2199 et
1256 2144 1499 2218 Cupid03

185 2235 264 2285 35
316 2232 431 2285 nive
475 2233 789 2303 neglect-um
833 2250 1008 2303 genus
1053 2240 1109 2285 et
1149 2240 1377 2304 nepotes

439 2316 686 2390 respicis,
732 2326 924 2373 auctor

311 2462 422 2516 heu
465 2462 624 2517 nimis
668 2463 838 2535 longo
883 2462 1076 2519 satiate
1119 2464 1273 2531 lude,

313 2566 476 2618 quem
521 2548 675 2602 iuvat
717 2549 923 2603 clamor
965 2550 1265 2622 galeaeque
1306 2551 1459 2606 leves

310 2650 436 2687 acer
479 2640 536 2687 et
577 2634 762 2687 Mauri
805 2634 1006 2706 peditis
1049 2644 1337 2691 cruentum

189 2724 267 2772 40
314 2718 496 2772 voltus
539 2717 594 2775 in
638 2720 879 2788 hostem3

305 2864 424 2917 sive
468 2872 680 2920 mutata
721 2866 973 2921 iuvenem
1015 2868 1192 2939 figura

304 2950 417 3004 ales
461 2949 519 3004 in
562 2950 725 3005 terris
768 2952 1014 3021 imitaris,
1060 2954 1235 3009 almae

302 3034 447 3089 filius
491 3036 694 3105 Maiae,
740 3037 952 3109 patiens
998 3039 1182 3093 vocari

433 3118 683 3177 Caesaris
729 3122 902 3177 ultor:

184 3273 256 3322 45
304 3284 455 3321 serus
499 3267 558 3323 in
602 3269 816 3323 caelum
857 3270 1051 3324 redeas
1097 3270 1303 3343 diuque

302 3352 480 3407 laetus
522 3353 745 3409 intersis
789 3354 993 3426 populo
1039 3354 1276 3423 Quirini,

298 3454 438 3493 neve
479 3446 537 3494 te
581 3440 786 3495 nostris
829 3439 976 3496 vitiis
1021 3441 1231 3496 inicum

301 3521 454 3579 ocior
495 3542 632 3580 aura
