2459 3959
237 936 273 984 5

198 1358 280 1409 10

205 1790 279 1837 15

206 2216 287 2263 20

212 2642 289 2689 25

216 3064 294 3115 30

221 3494 297 3543 35

915 262 1151 319 LIBER
1192 263 1244 319 1.
1297 268 1454 317 6--7

1119 442 1240 499 VII

318 588 588 661 Quinque
633 589 755 645 dies
798 589 904 645 tibi
946 590 1229 663 pollicitus
1275 608 1365 645 me
1409 609 1539 646 rure
1581 592 1849 659 futurum,

324 675 587 731 sextilem
630 684 813 730 totum
856 676 1102 730 mendax
1146 676 1453 732 desideror.
1501 676 1678 750 atqui,

324 760 374 815 si
417 780 507 817 me
551 760 741 815 vivere
784 762 869 815 vis
916 780 1107 816 sanum
1151 770 1419 834 recteque
1465 763 1766 831 valentem,

322 864 491 917 quam
534 846 670 901 mihi
712 848 813 902 das
857 865 1043 919 aegr0,
1090 846 1248 901 dabis
1293 858 1584 920 aegrotare
1628 847 1866 916 timenti,

325 933 641 1000 Maecena,
686 931 927 1001 veniam,
974 933 1106 987 dum
1150 932 1288 985 ficus
1333 934 1516 1006 prima
1559 935 1821 1006 calorque

327 1017 739 1089 designatorem
784 1020 1013 1072 decorat
1055 1018 1346 1073 lictoribus
1391 1020 1546 1085 atris,

328 1105 460 1157 dum
503 1102 691 1175 pueris
737 1103 917 1159 omnis
961 1112 1121 1175 pater
1166 1112 1221 1158 et
1266 1105 1568 1159 matercula
1613 1106 1809 1177 pallet,

328 1188 689 1260 officiosaque
734 1190 1002 1244 sedulitas
1050 1198 1109 1243 et
1153 1189 1341 1260 opella
1383 1190 1622 1244 forensis

330 1275 561 1328 adducit
602 1275 777 1329 febris
822 1282 883 1329 et
922 1283 1260 1330 testamenta
1303 1276 1568 1347 resignat.

330 1362 480 1431 quod
524 1359 573 1413 si
614 1361 811 1414 bruma
854 1360 1011 1416 nives
1054 1360 1290 1414 Albanis
1335 1361 1537 1415 inlinet
1581 1360 1753 1432 agris,

330 1446 402 1498 ad
446 1462 600 1499 mare
646 1446 950 1500 descendet
992 1455 1147 1501 vates
1190 1455 1322 1499 tuus
1368 1455 1426 1501 et
1470 1446 1576 1501 sibi
1620 1452 1813 1518 parcet

329 1538 762 1603 contractusque
805 1531 984 1603 leget:
1026 1541 1103 1601 te,
1149 1531 1327 1585 dulcis
1373 1532 1562 1597 amice,
1606 1532 1815 1587 reviset

332 1632 457 1669 cum
502 1616 783 1687 zephyris,
832 1615 878 1670 si
921 1618 1217 1684 concedeS‚
1265 1625 1324 1671 et
1365 1617 1666 1672 hirundine
1710 1617 1906 1691 prima.

332 1718 446 1755 non
492 1720 603 1773 quo
647 1720 805 1756 more
848 1702 1001 1774 pyris
1046 1703 1197 1757 vesci
1245 1702 1481 1758 Calaber
1523 1703 1682 1758 iubet
1725 1704 1928 1775 hospes

330 1794 394 1839 tu
438 1804 529 1841 me
574 1786 756 1842 fecisti
800 1788 1155 1860 locupletem.
1204 1795 1446 1843 ‘vescere
1491 1781 1698 1844 sodes.'

334 1871 465 1925 ‘iam
510 1871 641 1927 satis
687 1873 811 1927 est!
856 1872 933 1928 ‘at
974 1883 1037 1928 tu
1083 1882 1352 1946 quantum
1396 1874 1478 1928 vis
1521 1874 1693 1929 tolle.’
1739 1872 2036 1947 ‘benigne.'

340 1954 472 2010 ‘non
516 1954 695 2013 invisa
737 1958 885 2013 feres
930 1959 1117 2031 pueris
1164 1960 1494 2014 munuscula
1535 1958 1757 2031 parvis)

334 2040 470 2096 ‘tam
514 2051 709 2099 teneor
753 2044 901 2099 dono
946 2062 1113 2116 quam
1156 2044 1205 2099 si
1251 2044 1498 2099 dimittar
1541 2044 1812 2100 onustus!

337 2124 418 2181 ‘ut
460 2127 629 2183 libet:
673 2130 811 2183 haec
852 2128 1036 2201 porcis
1082 2130 1246 2185 hodie
1293 2131 1632 2185 comedenda
1673 2128 1984 2202 relinquis?

337 2212 606 2284 prodigus
653 2222 711 2269 et
756 2215 959 2269 stultus
1004 2216 1176 2269 donat
1220 2234 1364 2287 quae
1411 2216 1624 2287 spernit
1667 2223 1724 2270 et
1770 2216 1919 2270 odit:

333 2298 474 2352 haec
518 2316 679 2371 seges
723 2300 970 2372 ingratos
1015 2300 1145 2355 tulit
1189 2310 1248 2355 et
1289 2302 1434 2356 feret
1478 2301 1732 2355 omnibus
1777 2302 1952 2357 annis.

324 2382 425 2456 ‘vir
466 2384 645 2438 bonus
692 2392 750 2439 et
794 2386 1015 2456 sapiens
1058 2385 1242 2458 dignis
1289 2386 1370 2441 a-it
1413 2404 1533 2441 esse
1577 2394 1830 2457 paratus:

337 2486 443 2522 nec
485 2477 673 2524 tamen
716 2470 940 2542 ignorat
980 2471 1116 2542 quid
1160 2472 1373 2526 distent
1417 2489 1548 2527 aera
1590 2472 1814 2545 lupinis.

340 2551 570 2625 dignum
612 2558 911 2626 praestabo
957 2574 1044 2610 me
1090 2556 1257 2611 etiam
1301 2576 1405 2629 pro
1451 2558 1614 2612 laude
1659 2558 1942 2615 merentis.

340 2641 492 2709 quod
537 2639 585 2693 si
628 2658 717 2695 me
760 2641 919 2695 noles
968 2660 1202 2713 usquam
1249 2642 1560 2711 discedere,
1605 2644 1807 2699 reddes

338 2724 483 2778 forte
525 2725 689 2793 latus,
734 2726 927 2797 nigros
975 2734 1213 2797 angusta
1255 2729 1440 2783 fronte
1483 2728 1735 2800 capillos,

338 2810 539 2865 reddes
586 2811 747 2866 dulce
792 2811 965 2883 loqui,
1008 2814 1210 2867 reddes
1254 2813 1440 2868 ridere
1485 2817 1749 2869 decorum
1795 2820 1851 2867 et

341 2894 489 2949 inter
531 2895 662 2950 vina
704 2896 893 2968 fugam
940 2897 1181 2952 Cinarae
1225 2916 1477 2955 maerere
1522 2907 1836 2971 protervae.

341 2980 483 3034 forte
527 2998 629 3053 per
672 2990 965 3054 angustam
1008 2984 1191 3038 tenuis
1235 2983 1488 3039 nitedula
1530 2984 1726 3039 rimam

341 3075 589 3136 repserat
633 3066 691 3120 in
736 3085 1010 3122 cumeram
1055 3069 1336 3137 frumenti,
1381 3079 1651 3143 pastaque
1694 3087 1884 3125 rursus

341 3150 424 3204 ire
468 3150 617 3207 foras
661 3153 831 3225 pleno
875 3155 1143 3209 tendebat
1188 3172 1422 3226 corpore
1465 3156 1692 3213 frustra.

342 3234 432 3287 cui
475 3238 712 3293 mustela
754 3240 951 3310 procul
999 3236 1063 3293 ‘si
1106 3240 1217 3294 vis’
1257 3240 1336 3295 ait
1383 3237 1690 3313 ‘effungere
1733 3238 1918 3308 istinc,

342 3336 527 3375 macra
571 3342 767 3378 cavum
812 3332 1033 3396 repetes
1082 3334 1284 3394 artum,
1331 3344 1498 3398 quem
1541 3344 1729 3382 macra
1773 3326 2019 3384 subisti:

341 3406 445 3461 hac
488 3424 593 3479 ego
636 3409 683 3463 si
728 3410 1015 3481 conpellor
1056 3410 1320 3484 imagine,
1366 3420 1564 3467 cuncta
1605 3413 1867 3485 resign03

346 3508 451 3546 nec
496 3510 749 3549 somnum
793 3495 974 3567 plebis
1020 3496 1186 3551 laudo
1232 3506 1386 3553 satur
1431 3497 1686 3565 altilium,
1730 3516 1837 3555 nec

1641 3575 1766 3641 14*

2029 260 2156 329 211
