2459 3959
941 305 1090 362 LIB.
1132 305 1245 364 111.
1294 312 1459 363 4--5

238 466 275 514 5
326 459 564 515 milesne
609 457 794 514 Crassi
841 458 1076 532 coniuge
1119 461 1355 516 barbara

323 545 506 618 turpis
549 545 782 600 maritus
825 545 984 612 vixit,
1031 553 1092 600 et
1131 545 1375 600 hostium
1420 571 1507 584 -·

413 631 556 703 proh
600 630 756 684 curia
797 629 1114 702 inversique
1158 633 1375 686 mores!
1422 659 1508 671 —

501 715 797 772 consenuit
840 734 1156 771 socerorum
1199 716 1273 771 in'
1304 717 1469 772 armis

324 863 431 916 sub
474 879 609 934 rege
651 861 822 916 Medo
866 863 1088 917 Marsus
1133 870 1193 918 et
1237 863 1517 935 Appulus,

189 954 218 1000 1
236 952 270 1002 0
323 935 651 1002 anciliorum
695 955 754 1003 et
797 947 1050 1016 nominis,
1097 957 1154 1002 et
1196 957 1363 1021 togae

409 1032 615 1088 oblitus
658 1041 1028 1105 aeternaeque
1071 1033 1303 1102 Vestae,
1379 1044 1385 1054 '

495 1117 761 1173 incolumi
805 1119 940 1174 Iove
984 1127 1043 1175 et
1085 1121 1223 1174 urbe
1267 1120 1462 1174 Roma.

316 1263 428 1317 hoc
470 1269 694 1317 caverat
736 1281 890 1318 mens
934 1265 1168 1335 provida
1208 1265 1415 1338 Reguli

315 1347 696 1403 dissentientis
742 1348 1158 1405 condicionibus

182 1441 211 1487 1
226 1439 258 1488 5
405 1433 586 1489 foedis
633 1441 691 1488 et
735 1435 995 1507 exemplo
1040 1436 1286 1491 trahenti

489 1517 792 1590 perniciem
833 1520 1061 1576 veniens
1104 1520 1163 1576 in
1207 1539 1423 1590 aevum,

322 1663 372 1719 si
414 1681 526 1718 non
568 1663 780 1736 perires
823 1664 1229 1734 inmiserabilis,

321 1750 541 1821 captiva
582 1750 782 1821 pubes.
831 1749 1008 1822 ‘signa
1053 1770 1158 1823 ego
1200 1751 1427 1808 Punicis

410 1836 594 1890 adfixa
638 1834 884 1890 delubris
931 1845 988 1891 et
1031 1855 1182 1890 arma

191 1922 272 1976 20
493 1919 760 1976 militibus
807 1921 926 1976 sine
973 1922 1160 1978 caede’
1204 1923 1348 1978 dixit

322 2065 576 2140 ‘derepta
617 2069 748 2136 vidi,
794 2068 912 2123 vidi
954 2087 1059 2141 ego
1103 2069 1304 2125 civium

318 2161 531 2208 retorta
571 2162 734 2226 tergo
777 2154 1006 2209 brachia
1047 2155 1248 2228 libem,

407 2248 710 2312 portasque
752 2259 866 2294 non
912 2240 1143 2306 clausas,
1190 2249 1247 2296 et
1291 2259 1425 2296 arva

488 2325 675 2381 Marte
719 2325 825 2380 coli
866 2326 1129 2397 populata
1171 2335 1387 2382 nostro.

184 2477 258 2527 25
308 2489 444 2526 auro
487 2489 756 2542 repensus
801 2470 1014 2526 scilicet
1055 2471 1240 2526 acrior

307 2556 469 2611 miles
509 2555 739 2612 redibit.
783 2556 994 2628 flagitio
1039 2557 1245 2612 additis

391 2642 682 2696 damnum:
725 2659 908 2713 neque
952 2642 1179 2697 amissos
1225 2643 1436 2700 colores

475 2727 604 2782 lana
644 2727 818 2782 refert
860 2727 1128 2782 medicata
1169 2729 1317 2798 fu00‚

304 2889 410 2927 nec
453 2890 584 2927 vera
625 2872 821 2940 virtus,
867 2890 989 2927 cum
1035 2874 1208 2928 semel
1254 2874 1481 2944 excidit,

183 2963 257 3014 30
308 2965 468 3014 curat
510 2958 706 3030 reponi
749 2957 1137 3014 deterioribus.

387 3043 436 3099 si
477 3053 692 3116 pugnat
735 3044 1010 3099 extricata
1053 3039 1239 3099 densis

470 3146 632 3185 cerva
673 3130 878 3203 plagis,
927 3129 1038 3185 erit
1081 3129 1176 3185 ille
1218 3129 1379 3185 fortis

298 3274 395 3348 qui
438 3275 666 3346 perfidis
713 3293 772 3330 se
819 3275 1060 3330 credidit
1101 3276 1368 3344 hostibus,

298 3370 359 3418 et
401 3361 585 3416 Marte
627 3361 846 3418 Poenos
891 3369 1144 3433 proteret
1187 3362 1363 3416 altero

178 3453 246 3503 35
383 3447 481 3520 qui
525 3446 645 3501 lora
686 3446 958 3502 restrictis
1004 3447 1228 3502 lacertis

469 3532 640 3587 sensit
681 3532 830 3589 iners
874 3533 1168 3605 timuitque
1212 3539 1469 3588 mortem.

2067 301 2151 362 61
