2459 3959
254 266 382 332 152
978 274 1435 332 SATIRARVM

256 435 372 486 135
420 431 528 486 hoc
569 429 782 486 faciens
825 427 1006 484 vivam
1049 429 1266 485 melius.
1312 429 1391 486 sic
1436 429 1615 485 dulcis
1660 429 1853 486 amicis

421 528 723 574 occurram.
766 516 875 569 hoc
920 515 1146 587 quidam
1187 533 1301 570 non
1347 516 1523 570 belle:
1568 517 1841 588 numquid
1885 535 1987 590 ego
2027 515 2102 572 illi

419 601 727 674 inprudens
773 602 905 655 olim
949 599 1146 656 faciam
1190 600 1370 656 simile
1386 601 1431 654 Ῥ
1475 603 1613 656 haec
1658 621 1763 674 ego
1807 621 2015 658 mecum

418 687 728 758 conpressis
773 686 923 758 agito
967 685 1169 753 labri03
1216 687 1311 741 ubi
1358 687 1491 759 quid
1538 689 1703 741 datur
1746 686 1841 757 oti,

417 772 610 827 inludo
657 771 878 827 chartis.
922 773 1029 826 hoc
1073 779 1160 826 est
1202 772 1573 827 mediocribus
1618 773 1730 827 illis

259 864 369 913 140
418 876 490 913 ex
531 857 682 912 vitiis
730 876 931 911 unum:
979 856 1069 912 cui
1113 856 1159 912 si
1206 859 1510 914 concedere
1552 857 1718 932 nolis,

414 944 589 998 multa
630 952 920 1015 poetarum
963 942 1150 997 veniet
1191 961 1405 1012 manus,
1450 943 1657 998 auxilio
1701 961 1845 1017 quae

415 1028 490 1084 sit
531 1027 667 1082 mihi
711 1055 794 1066 —
837 1047 964 1082 nam
1008 1027 1182 1082 multo
1226 1029 1413 1100 plures
1457 1047 1644 1084 sumus
1689 1057 1774 1068 —
1817 1046 1882 1083 ac
1926 1028 2090 1085 veluti
2128 1035 2191 1085 te

414 1113 607 1170 Iudaei
652 1131 909 1186 cogemus
951 1113 1010 1168 in
1054 1115 1197 1168 hanc
1242 1117 1547 1170 concedere
1590 1117 1828 1170 turbam.

1193 1395 1252 1450 V

412 1541 712 1613 Egressum
756 1559 955 1613 magna
997 1559 1087 1596 me
1131 1541 1345 1612 accepit
1388 1540 1577 1596 Aricia
1620 1541 1797 1595 Roma

413 1627 657 1698 hospitio
702 1628 950 1681 modico:
995 1628 1186 1680 rhetor
1229 1645 1411 1681 comes
1456 1627 1813 1693 Heliodorus,

415 1711 751 1767 Graecorum
795 1713 962 1784 longe
1005 1711 1396 1766 doctissimus:
1440 1712 1571 1766 inde
1614 1713 1825 1768 Forum
1868 1710 2038 1785 Appi,

411 1797 688 1852 differtum
733 1798 916 1851 nautis
960 1797 1299 1869 cauponibus
1345 1806 1511 1870 atque
1553 1798 1829 1869 malignis.

336 1887 366 1936 5
413 1884 521 1937 hoc
562 1883 668 1936 iter
710 1881 899 1954 ignavi
957 1882 1262 1950 divisimus,
1310 1884 1472 1937 altius
1517 1899 1583 1936 ac
1626 1900 1727 1937 nos

411 1966 744 2040 praecinctis
789 1987 993 2022 unum:
1038 1967 1218 2022 minus
1265 1977 1349 2022 est
1392 1967 1573 2040 gravis
1616 1966 1802 2041 Appia
1845 1966 2033 2021 tardis.

412 2054 501 2108 hic
546 2072 650 2126 ego
693 2063 924 2127 propter
967 2071 1180 2124 aquam,
1229 2055 1380 2126 quod
1425 2061 1545 2107 erat
1588 2053 1901 2121 deterrima,
1946 2048 2122 2107 ventri

407 2138 593 2193 indico
640 2139 868 2208 bellum,
918 2138 1163 2192 cenantis
1208 2139 1353 2192 haud
1401 2137 1581 2192 animo
1626 2156 1803 2210 aequo

411 2230 712 2294 expectans
760 2224 1008 2279 comites.
1075 2224 1184 2277 iam
1229 2243 1345 2278 nox
1389 2223 1652 2278 inducere
1696 2223 1859 2278 terris
1886 2231 1906 2238 ”

289 2309 365 2362 10
413 2311 633 2363 umbras
679 2317 737 2362 et
780 2309 931 2363 caelo
977 2309 1286 2363 diffundere
1332 2308 1491 2380 signa
1532 2311 1783 2381 parabat.

407 2404 526 2449 tum
572 2394 730 2466 pueri
774 2394 974 2462 nautis,
1020 2393 1208 2465 pueris
1255 2393 1500 2449 convicia
1543 2403 1745 2448 nautae

409 2479 683 2550 ingerere.
736 2478 861 2534 ‘huc
905 2479 1141 2551 adpelle.
1185 2487 1467 2534 trecentos
1513 2479 1728 2535 inseris.
1775 2479 1880 2534 ohe

408 2565 517 2619 iam
563 2564 695 2620 satis
743 2566 866 2620 est.’
912 2567 1041 2618 dum
1086 2583 1180 2619 aes
1226 2565 1486 2638 exigitur,
1534 2567 1663 2619 dum
1708 2565 1857 2618 mula
1899 2564 2124 2637 ligatur,

407 2658 528 2705 tota·
570 2649 689 2705 abit
732 2653 892 2707 hora.
936 2650 1067 2704 mali
1114 2649 1317 2706 culices
1362 2668 1639 2722 ranaeque
1681 2651 1954 2722 palustres

291 2741 362 2790 15
413 2744 674 2790 avertunt
716 2755 958 2794 somnos.
1003 2738 1289 2790 absentem
1335 2743 1400 2790 ut
1444 2743 1629 2790 cantat
1672 2734 1899 2790 amicam

407 2822 584 2876 multa
624 2824 874 2894 prolutus
918 2837 1100 2893 vappa
1143 2829 1314 2876 nauta
1356 2828 1522 2892 atque
1564 2820 1743 2875 viator

405 2907 682 2976 certatim,
727 2909 950 2963 tandem
993 2906 1171 2960 fessus
1219 2906 1459 2960 dormire
1503 2906 1682 2961 viator

405 2990 620 3064 incipit,
665 3011 730 3048 ac
774 2993 974 3048 missae
1018 2999 1237 3064 pastum
1281 2991 1585 3046 retinacula
1627 2990 1807 3046 mulae

407 3088 579 3132 nauta
621 3079 779 3152 piger
821 3096 956 3133 saxo
1000 3077 1200 3148 religat
1244 3077 1537 3148 stertitque
1582 3080 1829 3149 supinus.

288 3163 364 3216 20
411 3161 633 3235 iamque
679 3165 794 3218 dies
840 3164 1048 3230 aderat,
1097 3179 1222 3216 cum
1266 3162 1348 3218 nil
1394 3164 1695 3234 procedere
1738 3162 1957 3216 lintrem

407 3250 708 3316 sentimus;
754 3250 932 3302 donec
975 3248 1301 3304 cerebrosus
1346 3246 1570 3321 prosilit
1613 3265 1755 3301 unus

407 3351 472 3387 ac
514 3335 694 3388 mulae
739 3341 1048 3405 nautaeque
1095 3343 1263 3406 caput
1306 3335 1637 3404 lumbosque
1667 3331 1880 3404 saligno

407 3419 553 3474 suste
598 3418 768 3473 dolat.
815 3427 1012 3491 quarta
1052 3417 1150 3472 vix
1194 3421 1412 3474 demum
1459 3417 1789 3491 exponimur
1829 3418 1983 3473 hora.

410 3521 508 3558 ora
549 3521 852 3576 manusque
895 3511 990 3560 tua
1031 3503 1287 3574 lavimus,
1331 3504 1594 3572 Feronia,
1628 3504 1870 3578 lympha.
