2459 3959
1030 261 1263 316 LIBER
1305 260 1381 316 Π.
1430 268 1460 316 6
2091 254 2217 316 191

443 431 610 485 asper
654 423 712 469 et
753 415 998 470 intentus
1044 414 1329 486 quaesitis,
1376 423 1439 470 ut
1482 421 1667 470 tamen
1711 422 1891 469 artum

444 500 688 554 solveret
730 499 986 571 hospitiis
1031 498 1294 554 animum.
1342 499 1477 571 quid
1522 499 1735 566 multa?
1782 517 1961 571 neque
2006 498 2103 554 ille

446 583 676 656 sepositi
721 584 914 639 ciceris
960 601 1062 639 nec
1106 583 1308 656 longae
1351 585 1553 640 invidit
1595 603 1827 650 avenae,

321 675 399 725 85
446 670 661 723 aridum
705 679 764 723 et
807 687 902 724 ore
944 669 1125 724 ferens
1171 670 1389 724 acinum
1434 687 1755 742 semesaque
1797 670 1939 724 lardi

443 756 634 829 frusta·
666 754 841 819 dedit,
888 754 1114 827 cupiens
1159 755 1313 808 varia
1356 755 1577 810 fastidia
1622 773 1759 810 cena

448 840 668 894 vincere
714 839 991 912 tangentis
1037 840 1180 894 male
1227 840 1447 912 singula
1492 843 1657 894 dente
1702 843 1961 913 superbo,

451 943 574 980 cum
617 933 778 998 pater
819 925 940 997 ipse
985 926 1180 979 domus
1225 926 1389 997 palea
1430 935 1713 997 porrectus
1759 926 1817 980 in
1860 929 2037 982 horna

455 1019 604 1065 esset
647 1011 783 1064 ador
826 1010 1146 1082 loliumque,
1195 1009 1351 1082 dapis
1395 1011 1627 1064 meliora
1671 1012 2009 1084 relinquens.

326 1097 405 1151 90
451 1098 676 1150 taudem
698 1097 938 1150 urbanus
969 1097 1042 1150 ad
1070 1093 1266 1150 hunc‘
1273 1095 1423 1167 quid
1452 1104 1509 1150 te
1540 1095 1728 1149 iuvat”
1754 1096 1950 1169 inquit,
1991 1094 2231 1163 “amice,

452 1181 738 1253 praerupti
783 1180 1022 1234 nemoris
1067 1180 1372 1252 patientem
1418 1179 1605 1235 vivere
1652 1183 1859 1236 dorso?

453 1267 536 1320 vis
583 1275 646 1320 tu
689 1265 941 1333 homines
987 1267 1289 1338 urbemque
1333 1265 1465 1320 feris
1509 1284 1853 1337 praeponere
1898 1266 2099 1322 silvis?

454 1369 616 1423 carpe
661 1351 822 1412 viam,
868 1350 1000 1404 mihi
1049 1354 1231 1417 crede,
1282 1369 1490 1416 comes;
1538 1351 1823 1406 terrestria
1861 1356 2091 1424 quando

455 1436 702 1490 mortalis
747 1436 955 1490 animas
1000 1436 1194 1490 vivunt
1240 1435 1453 1503 sortita,
1499 1455 1677 1508 neque
1725 1437 1840 1491 ulla
1881 1446 1968 1492 est

329 1527 407 1576 95
457 1531 552 1575 aut
596 1539 795 1594 magno
841 1529 937 1575 aut
978 1540 1150 1592 parvo
1195 1521 1296 1576 leti
1338 1521 1497 1592 fuga:
1550 1539 1679 1593 qu0,
1725 1524 1886 1589 bone,
1932 1524 2096 1589 circa,

461 1608 593 1661 dum
634 1607 788 1674 licet,
834 1606 892 1660 in
937 1607 1101 1661 rebus
1146 1605 1403 1660 iucundis
1448 1606 1570 1660 vive
1619 1609 1829 1674 beatus,

453 1692 579 1746 vive
623 1710 850 1755 memor,
897 1709 1060 1763 quam
1105 1690 1178 1746 sis
1224 1691 1349 1746 aevi
1392 1692 1632 1746 brevis.’'
1676 1693 1810 1746 haee
1854 1694 1951 1750 ubi
1995 1693 2146 1749 dicta

455 1785 732 1849 agrestem
775 1779 1056 1849 pepulere,
1104 1778 1267 1831 domo
1312 1776 1449 1829 levis
1495 1777 1709 1831 exsilit:
1755 1777 1885 1834 inde

454 1865 616 1917 ambo
660 1862 1007 1934 propositum
1051 1869 1331 1934 peragunt
1373 1862 1504 1928 iter,
1554 1863 1704 1916 urbis
1750 1872 1980 1920 aventes

293 1954 410 2004 100
463 1946 678 2002 moenia
721 1948 972 2002 nocturni
1020 1949 1337 2018 subrepere.
1384 1947 1602 2018 iamque
1646 1950 1877 2002 tenebat
1949 2011 1952 2016 y

463 2051 578 2086 nox
620 2032 864 2086 medium
911 2033 1053 2086 caeli
1097 2032 1353 2103 spatium,
1400 2051 1521 2086 eum
1567 2033 1727 2104 ponit
1772 2042 2008 2107 uterque

460 2118 520 2172 in
562 2117 838 2188 locuplete
884 2119 1047 2172 domo
1091 2117 1343 2188 vestigia,
1390 2118 1561 2170 rubro
1608 2118 1702 2172 ubi
1746 2136 1911 2174 cocco

461 2204 642 2257 tincta
686 2221 853 2275 super
895 2201 1070 2257 lectos
1118 2205 1381 2256 canderet
1427 2202 1596 2256 vestis
1642 2205 1903 2270 eburnos,

459 2289 742 2360 multaque
789 2290 860 2342 de
905 2306 1104 2358 magna
1147 2297 1501 2359 superessent
1544 2289 1751 2342 fercula
1795 2308 1949 2356 cena,

298 2379 415 2429 105
464 2392 605 2446 quae
648 2372 845 2445 procul
890 2373 1158 2442 extructis
1204 2373 1425 2428 inerant
1467 2375 1729 2427 hesterna
1772 2375 2047 2434 canistris.

463 2478 596 2530 ergo
645 2458 742 2512 ubi
784 2476 1066 2529 purpurea
1107 2469 1431 2530 porrectum
1476 2458 1532 2512 in
1579 2468 1732 2513 veste
1775 2461 1985 2518 locavit

466 2551 760 2616 agrestem,
809 2543 982 2597 veluti
1028 2544 1341 2598 succinctus
1390 2544 1619 2598 cursitat
1665 2547 1866 2618 hospes
1924 2601 1929 2610 ,

467 2629 866 2701 continuatque
912 2630 1100 2700 dapes,
1147 2647 1251 2682 nec
1293 2647 1405 2683 non
1449 2630 1733 2684 verniliter
1778 2631 1914 2703 ipsis

466 2714 717 2786 fungitur
761 2714 973 2780 officiis,
1020 2715 1401 2784 praelambens
1447 2733 1607 2768 omne
1654 2719 1805 2787 quod
1850 2717 2051 2771 adfert.

312 2806 429 2856 110
477 2760 601 2854 ineo
618 2802 826 2854 cubans
870 2800 1078 2870 gaudet
1119 2808 1333 2853 mutata
1377 2809 1527 2854 sorte
1572 2801 1843 2873 bonisque

474 2886 640 2941 rebus
688 2883 805 2955 agit
847 2884 1053 2938 laetum
1101 2885 1404 2952 convivam,
1453 2903 1575 2939 cum
1622 2887 1805 2941 subito
1852 2887 2047 2958 ingens

476 2970 760 3024 valvarum
805 2970 1068 3042 strepitus
1113 2971 1269 3024 lectis
1318 2970 1561 3024 excussit
1605 2980 1917 3043 utrumque.

480 3073 699 3110 currere
743 3074 843 3126 per
885 3064 1063 3108 totum
1108 3055 1296 3127 pavidi
1343 3057 1623 3120 conclave,
1672 3057 1958 3129 magisque

478 3140 762 3196 exanimes
809 3141 1104 3210 trepidare,
1152 3142 1313 3196 simul
1361 3145 1554 3196 domus
1598 3142 1713 3196 alta
1757 3140 2018 3197 Molossis

313 3232 430 3283 115
480 3225 770 3300 personuit
816 3227 1057 3280 canibus.
1105 3239 1217 3280 tum
1266 3227 1506 3282 rusticus
1553 3224 1742 3280 “haud
1786 3227 1925 3282 mihi
1967 3227 2082 3281 vita

479 3319 565 3366 est
608 3330 746 3385 opus
791 3311 932 3366 hac”
976 3311 1055 3364 ait
1099 3323 1156 3365 et
1203 3309 1461 3368 “valeas:
1508 3312 1782 3376 mesilva
1824 3331 2104 3384 cavusque

486 3405 640 3454 tutus
686 3397 755 3450 ab
801 3397 1016 3452 insidiis
1063 3399 1212 3452 tenui
1262 3397 1531 3453 solabitur
1576 3399 1761 3453 ervo.”
