2459 3959
885 307 1029 362 LIB.
1062 307 1168 362 ΙΙΙ.
1219 316 1249 364 2
1264 315 1378 364 8—-
1392 315 1421 363 2
1435 315 1465 364 9

333 463 662 536 plerumque
707 467 898 534 gratae
943 459 1206 516 divitibus
1251 462 1399 516 vices

331 551 688 621 mundaeque
730 565 905 619 parvo
949 548 1053 601 sub
1096 549 1213 602 lare
1257 565 1563 620 pauperum

195 639 279 688 15
419 651 588 690 cenae
632 633 751 689 sine
795 632 1000 686 aulaeis
1046 641 1104 688 et
1147 641 1299 688 ostro

501 719 795 774 sollicitam
837 718 1152 790 explicuere
1193 719 1450 778 frontem.

325 829 439 883 iam
481 831 658 885 clarus
705 829 983 884 occultum
1025 829 1417 884 Andromedae
1458 837 1620 904 pater

329 915 573 970 ostendit
615 915 820 986 ignem,
866 915 972 968 iam
1015 915 1269 986 Procyon
1313 915 1450 972 furit

414 1009 470 1055 et
513 1001 676 1055 stella
716 999 908 1054 vesani
952 1000 1182 1066 LeoniS,

189 1089 276 1140 20
495 1086 611 1140 sole
655 1085 773 1140 dies
817 1085 1090 1140 referente
1135 1087 1340 1154 siccos;

325 1195 432 1250 iam
475 1204 667 1268 pastor
712 1197 934 1250 umbras
977 1213 1101 1250 cum
1146 1215 1319 1270 grege
1364 1198 1631 1271 languido

324 1282 615 1353 rivumque
658 1282 835 1336 fessus
880 1283 1094 1354 quaerit
1138 1291 1196 1336 et
1238 1284 1450 1339 horridi

408 1369 632 1422 dumeta
677 1367 908 1434 Silvani,
955 1375 1216 1440 caretque

493 1452 618 1524 ripa
658 1453 814 1525 vagis
858 1453 1135 1508 taciturna
1177 1455 1383 1512 ventis.

187 1569 272 1619 25
323 1571 388 1618 tu
431 1563 710 1618 civitatem
754 1564 876 1636 quis
923 1565 1117 1620 deceat
1159 1573 1335 1620 status

325 1668 482 1704 curas
527 1658 586 1704 et
629 1648 754 1703 urbi
799 1649 1068 1704 sollicitus
1111 1652 1275 1706 times

411 1735 546 1806 quid
592 1735 752 1788 Seres
797 1744 854 1789 et
897 1745 1124 1806 regnata
1169 1737 1315 1807 Cyro

494 1821 696 1874 Bactra
736 1830 933 1892 parent
977 1821 1293 1894 Tanaisque
1333 1823 1567 1884 >discors·

321 1933 565 2004 prudens
607 1930 779 1986 futuri
821 1932 1086 2004 temporis
1133 1933 1345 1992 exitum

190 2024 276 2073 30
326 2017 628 2087 caliginosa
667 2025 830 2072 nocte
871 2018 1073 2090 premit
1115 2021 1269 2089 deus,

409 2103 664 2174 ridetque
709 2102 754 2157 si
798 2103 1044 2157 mortalis
1091 2105 1237 2158 ultra

493 2189 574 2241 fas
617 2187 870 2258 trepidat.
918 2190 1067 2260 quod
1113 2191 1273 2245 adest
1316 2202 1589 2249 memento

327 2308 640 2362 conponere
682 2309 916 2363 aequus:
960 2302 1144 2346 cetera
1185 2295 1425 2350 fluminis

322 2376 435 2430 ritu
475 2369 743 2443 feruntur,
785 2394 935 2431 nunc
963 2379 1160 2432 -medio
1203 2381 1363 2436 alveo

195 2467 274 2516 35
407 2479 529 2516 cum
574 2479 708 2534 pace
752 2463 1058 2518 delabentis
1101 2465 1396 2523 Etruscum

490 2547 549 2602 in
592 2565 760 2615 mare,
804 2567 954 2603 nunc
995 2549 1203 2620 lapides
1250 2554 1445 2608 adesos

321 2649 618 2721 stirpisque
662 2660 848 2722 raptas
893 2659 953 2705 et
997 2671 1162 2724 pecus
1208 2663 1265 2709 et
1310 2657 1503 2713 domos

317 2735 590 2790 volventis
633 2754 760 2802 una,
803 2755 915 2790 non
959 2738 1080 2792 sine
1123 2741 1392 2796 montium

414 2821 655 2875 clamore
698 2821 1022 2894 vicinaeque
1065 2825 1253 2892 silvae,

192 2911 270 2960 40
490 2924 611 2962 cum
655 2907 772 2960 fera
816 2908 1052 2963 diluvies
1098 2911 1315 2982 quietos

313 3007 506 3062 inritat
548 3008 743 3064 amnis.
788 3009 884 3064 ille
927 3019 1124 3082 potens
1169 3014 1256 3069 sui

309 3093 598 3166 laetusque
642 3096 826 3167 deget,
871 3097 959 3150 cui
1002 3098 1133 3152 licet
1173 3100 1230 3154 in
1276 3099 1422 3158 diem

397 3180 604 3234 dixisse
649 3178 826 3234 ‘vixi’:
873 3199 990 3236 cras
1034 3185 1124 3238 vel
1165 3193 1289 3243 atra

479 3267 625 3320 nube
667 3266 856 3338 polum
899 3276 1058 3340 pater
1101 3279 1388 3344 occupatO,

185 3373 259 3422 45
309 3366 402 3420 vel
445 3369 558 3422 sole
599 3388 774 3440 pur03
821 3389 934 3424 non
977 3379 1163 3428 tamen
1209 3375 1451 3445 inritum,

309 3453 682 3526 quodcunque
725 3464 878 3511 retro
923 3465 1028 3526 est,
1077 3459 1284 3515 efficiet
1324 3459 1507 3536 neque

396 3538 649 3610 diffinget
692 3541 1025 3597 infectumve
1069 3546 1267 3600 reddet

480 3625 629 3695 quod
669 3627 887 3700 fugiens
933 3629 1104 3684 semel
1145 3630 1278 3687 hora
1323 3636 1489 3693 vexit.

2046 303 2150 366 85
