2459 3959
318 268 400 329 1⁰
1079 267 1501 325 CARMINVM

321 433 394 484 25
444 422 574 499 ‘quo
617 444 717 481 nos
765 440 980 497 cunque
1022 423 1167 479 feret
1209 422 1407 479 melior
1447 422 1671 477 fortuna
1698 429 1948 493 parente,

529 512 746 579 ibimus,
792 530 826 565 o
870 508 1006 565 socii
1051 508 1411 581 comitesque.

446 597 528 652 nil
571 598 974 669 desperandum
1019 594 1239 650 Teucro
1285 596 1425 648 duce
1469 601 1524 648 et
1568 591 1792 665 auspice
1836 592 2091 648 Phoebo:

531 691 712 737 certus
759 681 904 737 enim
948 680 1204 752 promisit
1249 680 1453 751 Apollo

443 810 758 884 ambiguam
799 810 1000 866 tellure
1045 826 1190 863 nova
1234 808 1511 863 Salamina
1551 808 1814 864 futuram.

323 902 395 953 30
531 914 564 951 o
606 897 780 952 fortes
823 895 1127 968 peioraque
1171 893 1321 966 passi

446 998 660 1038 mecum
703 998 868 1053 saepe
910 980 1036 1048 viri,
1085 998 1229 1033 nunc
1273 978 1400 1033 vino
1445 978 1635 1051 pellite
1682 995 1867 1034 curas:

529 1086 650 1123 cras
695 1066 890 1138 ingens
934 1063 1255 1121 iterabimus
1301 1064 1546 1135 aequor.’

1224 1321 1373 1377 VIII

532 1450 732 1522 Lydia,
780 1450 886 1519 dic,
933 1469 1034 1523 per
1077 1450 1254 1505 omnis

448 1547 504 1592 te
550 1538 683 1591 deos
730 1554 846 1604 orn,
893 1535 1138 1611 Sybarin.
1171 1554 1270 1591 cur
1310 1553 1577 1607 properes
1624 1535 1857 1591 amando

533 1624 789 1693 perdere,
839 1638 936 1676 cur
979 1621 1225 1692 apricum

445 1706 634 1761 oderit
673 1723 946 1779 campum,
989 1706 1208 1779 patiens
1254 1706 1499 1779 pulveris
1546 1715 1715 1779 atque
1757 1705 1913 1763 solis.

370 1843 400 1890 5
535 1854 632 1891 cur
675 1852 858 1907 neque
901 1834 1153 1889 militaris

447 1921 596 1976 inter
639 1919 883 1993 aequalis
930 1920 1167 1991 equitat,
1215 1919 1430 1975 Gallica
1473 1939 1575 1977 nec
1618 1921 1821 1994 lupatis

536 2013 808 2078 temperat
851 2023 946 2060 ora
988 2005 1202 2060 frenis?

449 2110 547 2149 cur
589 2092 749 2146 timet
789 2092 994 2146 flavum
1036 2091 1288 2146 Tiberim
1330 2100 1563 2163 tangere
1580 2090 1608 2143 ⁴?
1654 2108 1751 2145 cur
1794 2092 2001 2147 olivum

537 2220 804 2291 sanguine
848 2219 1098 2291 viperino

327 2312 400 2361 10
449 2304 660 2361 cautius
702 2306 842 2359 vitat
884 2323 1067 2377 neque
1111 2304 1220 2360 iam
1266 2305 1435 2361 livida
1478 2312 1661 2379 gestat
1706 2307 1871 2361 armis

531 2390 771 2459 brachia,
817 2408 982 2462 saepe
1034 2391 1205 2458 disco,
1914 2387 1919 2393 ’

449 2493 614 2548 saepe
656 2482 809 2532 trans
853 2476 1018 2530 finem
1063 2476 1245 2531 iaculo
1292 2476 1493 2532 nobilis
1539 2478 1847 2550 expedito?
1881 2498 1886 2505 ·

535 2604 670 2677 quid
714 2604 866 2673 latet,
912 2612 974 2658 ut
1017 2602 1273 2658 marinae

448 2688 621 2745 filium
667 2688 858 2745 dicunt
900 2689 1158 2743 Thetidis
1203 2692 1306 2745 sub
1350 2690 1643 2747 lacrimosa
1686 2691 1891 2749 Troiae

329 2781 400 2830 15
533 2776 744 2842 funera,
790 2793 860 2829 ne
906 2774 1081 2829 virilis

449 2861 627 2916 cultus
670 2860 728 2914 in
773 2862 998 2916 caedem
1044 2867 1102 2915 et
1142 2860 1343 2933 Lycias
1386 2862 1701 2934 proriperet
1744 2862 2031 2919 catervas?

1248 3116 1339 3171 IX

457 3245 632 3303 Vides
681 3252 744 3301 ut
786 3246 902 3301 alta
944 3252 1054 3301 stet
1100 3244 1224 3299 nive
1271 3246 1562 3302 candidum

461 3330 713 3400 Soracte,
761 3349 866 3386 nec
909 3331 1018 3386 iam
1063 3330 1371 3385 sustineant
1414 3350 1555 3387 onus

537 3418 710 3473 silvae
754 3417 1087 3481 laborantes,
1136 3416 1377 3488 geluque

619 3501 847 3558 flumina
891 3500 1242 3557 constiterint
1284 3508 1468 3557 acuto.
