2459 3959
957 291 1189 348 LIBER
1230 294 1279 348 Ι.
1335 299 1490 347 1·-2
2076 285 2196 350 141

376 447 628 502 Fufidius
673 465 885 520 vappae
927 449 1128 501 famam
1171 447 1335 503 timet
1378 463 1443 502 ac
1485 446 1781 502 nebulonis

381 530 566 600 [dives
611 534 775 604 agris,
821 532 977 588 dives
1019 532 1218 604 positis
1263 533 1321 587 in
1363 534 1553 588 fenore
1597 531 1895 600 nummis]=

379 619 580 689 quinas
623 618 712 673 hic
755 618 926 691 capiti
967 621 1252 674 mercedes
1297 627 1540 686 exsecat,
1584 627 1751 690 atque

233 709 320 759 15
380 713 590 775 quanto
633 704 908 775 perditior
949 703 1185 776 quisque
1229 713 1331 771 est,
1374 711 1531 758 tanto
1577 703 1755 758 acrius
1798 713 2029 776 urguet3

379 789 604 843 nomina
647 796 910 855 sectatur,
955 790 1122 844 modo
1166 797 1385 862 sumpta
1426 797 1582 843 veste
1627 789 1792 856 virili,

381 875 484 928 sub
527 874 778 946 patribus
823 874 976 929 duris
1019 874 1283 931 tironum.
1332 874 1605 929 ‘maxime’
1648 874 1773 946 quis
1816 890 1929 927 non

379 955 652 1031 ‘Iuppiter
670 961 702 1012 !’
745 961 1039 1026 exclamat,
1083 960 1249 1014 simul
1294 970 1461 1032 atque
1504 959 1755 1014 audivit?
1804 955 1879 1012 ‘at
1922 959 1978 1012 in
2023 977 2083 1015 se

378 1063 482 1117 pro
526 1054 762 1118 quaestu
806 1053 1086 1116 sumptum
1128 1047 1263 1100 facit
1304 1046 1433 1099 hic.'
1477 1045 1573 1098 vix
1615 1047 1845 1100 credere
1888 1045 2088 1115 possis,

243 1137 330 1185 20
383 1147 547 1202 quam
591 1131 698 1186 sibi
743 1149 854 1185 non
899 1131 974 1184 sit
1017 1131 1244 1197 amicus,
1291 1130 1371 1185 ita
1412 1139 1475 1184 ut
1518 1138 1681 1202 pater
1722 1131 1839 1196 ille,
1886 1130 2120 1185 Terenti

375 1217 568 1270 fabula
610 1233 773 1288 quem
818 1216 1080 1270 miserum
1125 1224 1295 1288 gnato
1341 1216 1551 1271 vixisse
1592 1216 1784 1288 fugato

375 1301 610 1368 inducit,
655 1319 766 1357 non
809 1320 870 1356 se
913 1302 1071 1373 peius
1115 1302 1447 1356 cruciaverit
1488 1309 1654 1372 atque
1698 1301 1808 1355 hic.

377 1386 554 1459 siquis
598 1403 746 1440 nunc
791 1395 1026 1458 quaerat
1070 1383 1198 1458 ‘quo
1244 1405 1332 1442 res
1374 1389 1514 1440 haec
1557 1386 1876 1456 pertinet?’‚
1922 1386 2085 1442 illuc:

386 1474 517 1525 dum
563 1472 742 1526 vitant
787 1472 944 1527 stulti
986 1471 1143 1541 vitia,
1189 1473 1250 1526 in
1294 1471 1573 1528 contraria
1616 1481 1865 1529 currunt.

257 1562 334 1611 25
383 1557 690 1612 Malthinus
733 1558 937 1612 tunicis
984 1558 1237 1612 demissis
1283 1558 1567 1623 ambulat3
1614 1565 1702 1612 est.
1744 1557 1839 1627 qui

384 1641 594 1713 inguen
638 1645 710 1696 ad
754 1645 1087 1697 obscaenum
1133 1643 1418 1698 subductis
1464 1661 1641 1714 usque
1682 1643 1913 1698 facetus.

382 1728 638 1800 pastillos
681 1729 918 1783 Rufillus
963 1728 1092 1795 olet,
1139 1728 1455 1800 Gargonius
1500 1728 1735 1783 hircum.

382 1812 464 1867 nil
507 1814 750 1868 medium
794 1823 897 1868 est.
945 1821 1074 1868 sunt
1116 1815 1213 1885 qui
1258 1814 1439 1869 nolint
1480 1814 1735 1884 tetigisse
1779 1813 1887 1868 nisi
1930 1813 2053 1868 illas

383 1916 616 1970 quarum
661 1900 892 1954 subsuta
933 1899 1075 1952 talos
1119 1908 1274 1971 tegat
1316 1898 1508 1954 instita
1549 1908 1735 1953 veste:

257 1990 335 2040 80
384 1993 580 2039 contra
622 1984 760 2039 alius
805 1985 1013 2038 nullam
1055 1984 1164 2038 nisi
1207 1987 1393 2039 olente
1438 1984 1495 2037 in
1540 1983 1747 2038 fornice
1794 1991 2051 2039 stantem.

384 2070 611 2141 quidam
654 2078 819 2124 notus
864 2071 1028 2123 homo
1075 2085 1199 2124 cum
1245 2071 1427 2124 exiret
1466 2069 1694 2136 fornice,
1741 2065 1938 2123 ‘macte

383 2155 588 2210 virtute
635 2155 772 2211 esto’
813 2155 997 2226 inquit
1041 2156 1319 2210 sententia
1361 2155 1453 2208 dia
1496 2154 1748 2210 Catonis:

383 2238 527 2294 ‘nam
571 2241 734 2296 simul
778 2259 842 2294 ac
885 2259 1054 2296 venas
1099 2240 1316 2295 inflavit
1358 2247 1539 2294 taetra
1582 2239 1777 2307 libido,

379 2327 488 2380 huc
530 2326 758 2380 iuvenes
802 2344 1041 2397 aequum
1085 2335 1170 2380 est
1215 2327 1569 2392 descendere,
1614 2343 1727 2379 non
1770 2324 1977 2380 alienas

252 2416 330 2466 35
378 2412 689 2483 permolere
733 2412 979 2466 uxores.'
1025 2409 1215 2466 ‘nolim
1260 2411 1554 2466 laudarier'
1597 2409 1780 2482 inquit

380 2494 480 2551 ‘sic
522 2492 626 2552 me'
671 2497 898 2551 mirator
939 2497 1106 2551 cunni
1149 2496 1487 2569 Cupiennius
1533 2496 1664 2551 albi.

377 2582 569 2638 audire
613 2591 698 2636 est
741 2600 942 2654 operae
985 2581 1242 2653 pretium,
1285 2585 1585 2654 procedere
1628 2591 1779 2637 recte

381 2668 478 2739 qui
520 2668 764 2722 moechis
807 2685 926 2721 rem
968 2666 1152 2734 voltis,
1199 2677 1263 2722 ut
1306 2668 1456 2722 omni
1498 2675 1657 2738 parte
1703 2667 1976 2737 laborent,

381 2762 555 2824 utque
599 2752 708 2807 illis
753 2754 929 2806 multo
973 2760 1235 2824 corrupta
1280 2754 1473 2808 dolore
1515 2753 1773 2825 voluptas

247 2842 328 2894 40
375 2846 542 2910 atque
585 2838 720 2893 haec
761 2857 885 2893 rara
931 2840 1094 2892 cadat
1135 2841 1275 2892 dura
1317 2839 1466 2893 inter
1509 2856 1674 2910 saepe
1718 2839 1949 2910 pericla.

375 2924 465 2978 hic
509 2941 569 2977 se
611 2924 974 2996 praecipitem
1017 2929 1168 2977 tecto
1211 2924 1401 2992 dedit3
1446 2924 1543 2978 ille
1585 2924 1823 2996 flagellis

372 3011 444 3064 ad
487 3017 721 3064 mortem
767 3027 980 3064 caesus.
1025 3009 1243 3080 fugiens
1287 3009 1376 3064 hic
1420 3008 1630 3064 decidit
1676 3026 1859 3066 acrem

374 3097 717 3167 praedonum
762 3094 820 3149 in
864 3097 1110 3161 turbam3
1169 3095 1327 3150 dedit
1367 3094 1457 3148 hic
1501 3112 1602 3166 pro
1648 3112 1880 3168 corpore
1923 3117 2199 3155 nummos.

371 3180 522 3234 hunc
563 3180 984 3251 perminxerunt
1030 3180 1283 3248 calones;
1332 3180 1465 3252 quin
1510 3179 1678 3234 etiam
1723 3180 1863 3236 illud

247 3273 323 3322 45
376 3266 596 3332 accidit,
640 3274 706 3320 ut
749 3265 964 3321 cuidam
1008 3267 1167 3320 testis
1213 3268 1553 3337 caudamque
1597 3267 1832 3321 salacem

375 3353 684 3406 demeteret
727 3353 952 3409 ferrum.
1001 3344 1155 3405 ‘iure'
1199 3369 1415 3406 omnes:
1467 3351 1647 3406 Galba
1689 3356 1949 3426 negabat.

372 3437 548 3492 tutior
593 3445 648 3492 at
695 3445 903 3508 quanto
949 3455 1106 3492 merx
1151 3445 1235 3492 est
1277 3438 1334 3490 in
1381 3437 1557 3492 classe
1600 3440 1860 3509 secunda,

376 3521 762 3578 libertinarum
807 3523 967 3578 dico:
1013 3523 1309 3578 Sallustius
1355 3523 1412 3577 in
1456 3541 1594 3596 quas
