2459 3959
914 279 1042 338 Lib.
1083 279 1192 338 111.
1246 287 1406 337 6--8

307 438 568 494 frustra:
611 454 740 492 nam
783 435 1026 510 scopulis
1071 435 1294 490 surdior
1335 434 1485 490 Icari

337 540 521 579 voces
565 522 725 577 audit
767 523 950 577 adhuc
991 523 1234 593 integer.
1276 529 1335 576 at
1374 520 1483 577 tibi

439 625 510 664 ne
551 607 766 663 vicinus
808 607 1061 681 Enipeus

525 693 652 768 plus
693 692 842 749 iusto
883 694 1104 768 placeat
1146 711 1319 748 cave:

195 873 288 923 25
352 864 616 939 quamvis
658 882 773 921 non
817 863 956 919 alius
999 867 1224 920 flectere
1270 877 1473 940 equum
1518 867 1699 924 aciens

344 969 535 1025 aeque
581 949 920 1024 conspicitur
961 951 1212 1022 gramine
1256 952 1483 1024 Martie,

440 1054 544 1094 nec
589 1036 882 1109 quisquam
925 1035 1068 1092 citus
1114 1053 1291 1110 aeque

529 1122 714 1177 Tusco
760 1123 989 1177 denatat
1031 1123 1210 1179 alveo·

351 1293 538 1368 prima
581 1297 748 1351 nocte
792 1297 1017 1350 domum
1061 1289 1286 1351 claudet
1330 1313 1513 1368 neque
1554 1295 1614 1351 in
1656 1295 1775 1351 viae

201 1387 238 1436 8
253 1386 294 1438 0
350 1382 461 1436 sub
507 1388 673 1436 cantu
716 1381 980 1452 querulae
1025 1381 1251 1454 despice
1293 1381 1470 1437 tibiae

444 1473 502 1521 et
541 1473 600 1521 te
644 1483 812 1538 saepe
857 1465 1079 1523 vocanti

528 1552 724 1606 duram
767 1551 1010 1607 difficilis
1054 1569 1235 1608 mane.

1135 1831 1287 1892 vm

353 1979 578 2036 Martiis
624 1981 840 2036 caelebs
886 1981 1022 2055 qnid
1067 1999 1227 2055 agam
1272 1982 1540 2052 calendis,

358 2065 497 2138 quid
540 2065 718 2122 velint
759 2067 926 2123 florea
971 2076 1029 2122 et
1071 2085 1261 2124 acerra
1302 2068 1445 2124 turia

351 2152 526 2224 plena
567 2150 782 2208 miraris
827 2151 1156 2228 positusque
1199 2155 1369 2210 carbo
1411 2153 1471 2209 in

447 2237 658 2311 cespite
701 2237 848 2307 viv0,

273 2413 312 2466 5
364 2409 529 2464 docte
575 2409 844 2466 sermonis
889 2411 1181 2482 utriusque
1225 2410 1471 2482 linguae.

359 2512 625 2550 voveram
671 2495 846 2551 dulcia
889 2497 1082 2569 epulas
1128 2503 1186 2551 et
1228 2496 1419 2550 album

358 2579 566 2636 Libero
613 2589 860 2653 caprum'
879 2599 1055 2654 prope
1097 2582 1385 2637 funeratus

448 2665 660 2722 arboris
704 2666 840 2723 ictu,

358 2837 452 2893 hic
497 2837 616 2892 dies
661 2855 805 2892 anuo
847 2837 1119 2894 redeunte
1160 2840 1335 2895 festus

228 2929 310 2982 10
365 2922 632 2978 corticem
673 2922 1001 2978 adstrictum
1042 2923 1169 2997 pice
1213 2925 1518 2980 dimovebit

357 3009 656 3081 amphorae
701 3010 912 3064 fumum
957 3008 1152 3066 bibere
1194 3010 1485 3066 institutae

447 3095 671 3150 consule
715 3095 906 3152 Tullo.

362 3285 539 3334 sume,
584 3267 899 3336 Maecenas,
946 3269 1174 3340 cyathos
1219 3267 1380 3324 amici

362 3352 590 3426 sospitis
636 3362 878 3422 centum,
927 3362 985 3409 et
1025 3355 1224 3426 vigiles
1265 3355 1518 3409 lucernas

234 3446 311 3498 15
361 3439 552 3513 perfer
597 3439 656 3493 in
700 3441 908 3508 lucem3
954 3441 1148 3512 procul
1189 3439 1368 3496 omnia
1414 3447 1534 3495 esto

452 3525 657 3579 clamor
701 3535 758 3581 et
798 3525 902 3582 ira.

310 3619 512 3662 Horatius
1732 3605 1769 3666 5
1832 3623 1841 3631 ·
