2459 3959
888 304 1121 359 LIBER
1164 304 1245 359 11.
1299 310 1457 359 7—8
2027 296 2154 359 1⁰5

368 477 511 531 quae
555 476 727 531 parvo
774 457 918 512 sumi
961 465 1264 529 nequeunt,
1313 458 1543 513 obsonia
1589 458 1822 531 captas?

371 563 571 616 nempe
612 544 1024 598 inamarescunt
1068 543 1266 615 epulae
1311 543 1427 599 sine
1471 545 1580 599 fine
1625 544 1858 617 petitae,

370 630 649 701 inlusique
691 630 863 701 pedes
908 629 1173 683 vitiosum
1215 630 1364 684 ferre
1408 638 1666 685 recusant

374 734 596 787 corpus.
644 734 715 769 an
759 714 845 768 hic
890 722 1101 787 peccat,
1148 715 1252 768 sub
1296 722 1519 769 noctem
1565 715 1662 787 qui
1703 733 1846 787 puer
1887 732 2050 769 uvam

200 803 327 855 110
374 801 580 855 furtiva
624 807 802 854 mutat
846 799 1095 872 strigili?
1141 800 1238 872 qui
1282 800 1512 873 praedia
1555 802 1770 867 vendit,

367 886 449 939 nil
493 886 697 941 servile
741 885 905 958 gulae
947 904 1149 957 parens
1195 886 1412 941 habet?
1459 887 1603 941 adde
1648 887 1801 958 quod
1845 884 1994 941 idem

373 989 483 1024 non
530 972 725 1025 horam
767 980 955 1027 tecum
998 989 1119 1025 esse
1164 981 1347 1042 potes,
1393 989 1504 1025 non
1549 972 1664 1026 otia
1706 979 1860 1026 recte

370 1074 595 1127 ponere,
641 1066 810 1130 teque
854 1057 1037 1129 ipsum
1081 1056 1223 1111 vitas
1268 1056 1536 1127 fugitivus
1583 1065 1642 1111 et
1685 1076 1833 1123 erro,

370 1143 478 1196 iam
523 1143 654 1197 vino
700 1161 993 1215 quaerens,
1038 1141 1148 1196 iam
1193 1160 1385 1196 somno
1429 1142 1621 1197 fallere
1667 1159 1882 1209 curam3

192 1233 221 1281 1
244 1234 317 1282 15
366 1228 597 1282 frustra:
643 1247 771 1282 nam
816 1246 1000 1283 comes
1032 1235 1154 1281 atra
1182 1227 1388 1299 premit
1419 1227 1783 1299 sequiturque
1812 1215 2106 1298 fugacem.'

367 1314 518 1368 unde
590 1313 728 1368 mihi
800 1314 1083 1386 lapidem?
1154 1310 1440 1385 ‘quorsum
1512 1322 1599 1368 est
1672 1332 1808 1385 opus
1827 1311 1872 1364 ?’
1944 1314 2094 1367 unde

1753 1396 2026 1467 sagittas?

372 1482 487 1539 ‘aut
529 1484 740 1539 insanit
780 1485 946 1537 homo
992 1492 1089 1539 aut
1132 1502 1326 1538 versus
1369 1482 1542 1537 facit?
1587 1482 1740 1538 ocius
1783 1484 1914 1539 hinc
1955 1492 2012 1538 te

368 1571 429 1624 ni
470 1571 639 1643 rapis,
687 1571 921 1626 accedes
966 1588 1137 1641 opera
1180 1587 1316 1641 agro
1363 1587 1512 1623 nona
1553 1568 1774 1625 Sabino,

1104 1911 1255 1969 VIII

363 2084 446 2137 Vt
486 2082 781 2137 Nasidieni
826 2082 970 2136 iuvit
1012 2088 1070 2137 te
1117 2099 1257 2137 cena
1299 2082 1492 2138 beati?

362 2188 491 2223 nam
533 2168 669 2221 mihi
714 2168 1007 2222 convivam
1052 2168 1343 2239 quaerenti
1393 2168 1573 2223 dictus
1619 2167 1752 2223 here
1797 2168 1915 2224 illic

364 2256 432 2309 de
475 2254 659 2308 medio
702 2262 897 2326 potare
943 2253 1053 2309 die,
1100 2252 1199 2307 ‘sic
1243 2262 1308 2307 ut
1349 2254 1484 2308 mihi
1530 2272 1812 2325 nunquam

362 2342 420 2393 in
465 2340 581 2393 vita
624 2337 791 2393 fuerit
835 2338 1070 2392 melius.’
1114 2338 1222 2407 dic,
1270 2339 1316 2393 si
1361 2358 1531 2410 grave
1575 2358 1687 2393 non
1733 2348 1834 2409 est,

284 2431 317 2480 5
370 2443 513 2497 quae
557 2422 735 2496 prima
778 2423 981 2477 iratum
1024 2433 1278 2478 ventrem
1321 2424 1629 2497 placaverit
1673 2442 1818 2480 esca.

368 2510 443 2563 ‘in
486 2508 678 2581 primis
723 2510 985 2564 Lucanus
1031 2524 1200 2581 aper:
1250 2510 1364 2564 leni
1407 2510 1516 2565 fuit
1560 2518 1746 2565 austro

372 2602 586 2667 captus,
632 2602 694 2647 ut
738 2594 921 2649 aiebat
965 2613 1135 2650 cenae
1176 2604 1368 2667 pater:
1413 2595 1566 2649 acria
1608 2595 1812 2650 circum

362 2680 576 2753 rapula,
621 2680 890 2747 lactucae,
936 2679 1173 2748 radices,
1220 2680 1408 2752 qualia
1450 2681 1656 2735 lassum

364 2766 677 2837 pervellunt
722 2766 1088 2833 stomachum,
1136 2766 1292 2828 siser,
1339 2766 1498 2835 allec,
1543 2766 1760 2821 faecula
1805 2765 1940 2824 Coa.

241 2858 317 2909 10
366 2852 451 2905 his
498 2850 593 2905 ubi
636 2851 869 2905 sublatis
914 2870 1055 2923 puer
1098 2852 1210 2906 alte
1255 2852 1470 2906 cinctus
1515 2869 1772 2906 acernam

369 2954 612 3009 gausape
655 2955 936 3008 purpureo
981 2954 1228 2992 mensam
1272 2936 1553 3009 pertersit,
1601 2944 1657 2991 et
1701 2938 1844 2992 alter

365 3020 605 3093 sublegit
650 3023 1020 3093 quodcunque
1064 3022 1272 3077 iaceret
1314 3022 1512 3077 inutile
1558 3022 1820 3093 quodque

364 3114 553 3180 posset
596 3108 844 3161 cenantis
889 3108 1189 3174 offendere,
1235 3117 1299 3161 ut
1343 3107 1538 3161 Attica
1579 3106 1738 3178 virgo

367 3211 491 3247 cum
536 3192 701 3246 sacris
740 3191 960 3247 Cereris
1005 3193 1266 3264 procedit
1307 3193 1496 3247 fuscus
1541 3192 1837 3265 Hydaspes

242 3286 314 3335 15
366 3277 620 3332 Caecuba
662 3277 796 3332 vina
838 3278 1043 3345 ferens,
1088 3278 1270 3333 Alcon
1318 3278 1516 3333 Chium
1560 3278 1725 3332 maris
1772 3294 1994 3349 expers.

364 3363 457 3418 hic
501 3381 625 3418 erus
672 3360 1014 3433 “Albanum,
1058 3365 1374 3431 Maecenas,
1422 3363 1538 3418 sive
1581 3364 1876 3418 Falernum

293 3444 299 3451 ’
364 3457 421 3503 te
464 3448 642 3521 magis
684 3448 956 3521 adpositis
1001 3450 1262 3519 delectat,
1309 3450 1572 3506 habemus
1618 3449 1971 3523 utrumque?

1615 3528 1734 3590 13*
