<?xml version="1.0" encoding="UTF-8"?>
<!DOCTYPE html PUBLIC "-//W3C//DTD XHTML 1.0 Transitional//EN"
    "http://www.w3.org/TR/xhtml1/DTD/xhtml1-transitional.dtd">
<html xmlns="http://www.w3.org/1999/xhtml" xml:lang="en" lang="en">
 <head>
  <title>
</title>
<meta http-equiv="Content-Type" content="text/html;charset=utf-8" />
  <meta name='ocr-system' content='tesseract 3.04.00' />
  <meta name='ocr-capabilities' content='ocr_page ocr_carea ocr_par ocr_line ocrx_word'/>
</head>
<body>
  <div class='ocr_page' id='page_1' title='image "./qhoratiusflaccu00linkgoog_0214.png"; bbox 0 0 2459 3959; ppageno 0'>
   <div class='ocr_carea' id='block_1_1' title="bbox 325 287 1536 350">
    <p class='ocr_par' dir='ltr' id='par_1_1' title="bbox 325 287 1536 350">
     <span class='ocr_line' id='line_1_1' title="bbox 325 287 1536 350; baseline -0.002 -1"><span class='ocrx_word' id='word_1_1' title='bbox 325 287 454 350; x_wconf 71' lang='lat'><strong>154</strong></span> <span class='ocrx_word' id='word_1_2' title='bbox 1076 289 1536 350; x_wconf 81' lang='lat' dir='ltr'>SATIRARVM</span> 
     </span>
    </p>
   </div>
   <div class='ocr_carea' id='block_1_2' title="bbox 379 438 2257 3584">
    <p class='ocr_par' dir='ltr' id='par_1_2' title="bbox 497 438 2175 688">
     <span class='ocr_line' id='line_1_2' title="bbox 498 438 2175 520; baseline -0.003 -17"><span class='ocrx_word' id='word_1_3' title='bbox 498 447 836 520; x_wconf 83' lang='lat' dir='ltr'><strong>Campanum</strong></span> <span class='ocrx_word' id='word_1_4' title='bbox 879 444 940 500; x_wconf 88' lang='lat' dir='ltr'><strong>in</strong></span> <span class='ocrx_word' id='word_1_5' title='bbox 984 445 1256 509; x_wconf 84' lang='lat' dir='ltr'><strong>morbum,</strong></span> <span class='ocrx_word' id='word_1_6' title='bbox 1296 443 1363 500; x_wconf 88' lang='lat' dir='ltr'><strong>in</strong></span> <span class='ocrx_word' id='word_1_7' title='bbox 1404 443 1601 500; x_wconf 76' lang='lat' dir='ltr'><strong>faciem</strong></span> <span class='ocrx_word' id='word_1_8' title='bbox 1644 440 1925 516; x_wconf 84' lang='lat' dir='ltr'><strong>permulta</strong></span> <span class='ocrx_word' id='word_1_9' title='bbox 1964 438 2175 507; x_wconf 70' lang='lat' dir='ltr'><strong>iocatus,</strong></span> 
     </span>
     <span class='ocr_line' id='line_1_3' title="bbox 497 525 1909 606; baseline -0.004 -19"><span class='ocrx_word' id='word_1_10' title='bbox 497 540 776 606; x_wconf 79' lang='lat' dir='ltr'><strong>pastorem</strong></span> <span class='ocrx_word' id='word_1_11' title='bbox 820 530 1049 586; x_wconf 77' lang='lat' dir='ltr'><strong>saltaret</strong></span> <span class='ocrx_word' id='word_1_12' title='bbox 1091 531 1176 586; x_wconf 90' lang='lat' dir='ltr'><strong>uti</strong></span> <span class='ocrx_word' id='word_1_13' title='bbox 1220 530 1467 602; x_wconf 79' lang='lat' dir='ltr'>Cyclopa</span> <span class='ocrx_word' id='word_1_14' title='bbox 1509 531 1774 602; x_wconf 82' lang='lat' dir='ltr'><strong>rogabat3</strong></span> <span class='ocrx_word' id='word_1_15' title='bbox 1898 525 1909 536; x_wconf 87' lang='grc'><strong>”</strong></span> 
     </span>
     <span class='ocr_line' id='line_1_4' title="bbox 497 610 2018 688; baseline -0.005 -16"><span class='ocrx_word' id='word_1_16' title='bbox 497 617 577 672; x_wconf 86' lang='lat' dir='ltr'><strong>nil</strong></span> <span class='ocrx_word' id='word_1_17' title='bbox 621 617 706 671; x_wconf 88' lang='lat' dir='ltr'><strong>illi</strong></span> <span class='ocrx_word' id='word_1_18' title='bbox 749 615 905 670; x_wconf 75' lang='lat' dir='ltr'><strong>larva</strong></span> <span class='ocrx_word' id='word_1_19' title='bbox 946 624 1044 671; x_wconf 94' lang='lat' dir='ltr'><strong>aut</strong></span> <span class='ocrx_word' id='word_1_20' title='bbox 1085 615 1317 688; x_wconf 75' lang='lat' dir='ltr'><strong>tragicis</strong></span> <span class='ocrx_word' id='word_1_21' title='bbox 1362 633 1501 688; x_wconf 86' lang='lat' dir='ltr'><strong>opus</strong></span> <span class='ocrx_word' id='word_1_22' title='bbox 1547 632 1667 669; x_wconf 86' lang='lat' dir='ltr'><strong>esse</strong></span> <span class='ocrx_word' id='word_1_23' title='bbox 1712 610 2018 668; x_wconf 77' lang='lat' dir='ltr'><strong>cothurnis.</strong></span> 
     </span>
    </p>

    <p class='ocr_par' dir='ltr' id='par_1_3' title="bbox 379 699 2093 1114">
     <span class='ocr_line' id='line_1_5' title="bbox 379 699 2093 758; baseline -0.005 0"><span class='ocrx_word' id='word_1_24' title='bbox 379 707 453 758; x_wconf 75' lang='lat'><strong>65</strong></span> <span class='ocrx_word' id='word_1_25' title='bbox 502 703 677 757; x_wconf 89' lang='lat' dir='ltr'><strong>multa</strong></span> <span class='ocrx_word' id='word_1_26' title='bbox 719 699 960 756; x_wconf 77' lang='lat' dir='ltr'>Cicirrus</span> <span class='ocrx_word' id='word_1_27' title='bbox 1003 703 1075 756; x_wconf 90' lang='lat' dir='ltr'><strong>ad</strong></span> <span class='ocrx_word' id='word_1_28' title='bbox 1120 703 1277 758; x_wconf 88' lang='lat' dir='ltr'><strong>haec.</strong></span> <span class='ocrx_word' id='word_1_29' title='bbox 1323 702 1581 755; x_wconf 74' lang='lat' dir='ltr'><strong>donasset</strong></span> <span class='ocrx_word' id='word_1_30' title='bbox 1624 699 1805 754; x_wconf 78' lang='lat' dir='ltr'><strong>iamne</strong></span> <span class='ocrx_word' id='word_1_31' title='bbox 1848 706 2093 754; x_wconf 86' lang='lat' dir='ltr'><strong>catenam</strong></span> 
     </span>
     <span class='ocr_line' id='line_1_6' title="bbox 501 783 2063 859; baseline -0.005 -17"><span class='ocrx_word' id='word_1_32' title='bbox 501 806 574 843; x_wconf 90' lang='lat' dir='ltr'><strong>ex</strong></span> <span class='ocrx_word' id='word_1_33' title='bbox 617 794 749 841; x_wconf 81' lang='lat' dir='ltr'><strong>voto</strong></span> <span class='ocrx_word' id='word_1_34' title='bbox 793 785 1048 855; x_wconf 80' lang='lat' dir='ltr'><strong>Laribus,</strong></span> <span class='ocrx_word' id='word_1_35' title='bbox 1093 787 1399 859; x_wconf 83' lang='lat' dir='ltr'><strong>quaerebat</strong></span> <span class='ocrx_word' id='word_1_36' title='bbox 1418 806 1447 847; x_wconf 70' lang='grc' dir='ltr'><strong>ε,</strong></span> <span class='ocrx_word' id='word_1_37' title='bbox 1477 783 1656 839; x_wconf 88' lang='lat' dir='ltr'><strong>scriba</strong></span> <span class='ocrx_word' id='word_1_38' title='bbox 1700 784 1853 856; x_wconf 87' lang='lat' dir='ltr'><strong>quod</strong></span> <span class='ocrx_word' id='word_1_39' title='bbox 1896 787 2063 849; x_wconf 90' lang='lat' dir='ltr'><strong>esset,</strong></span> 
     </span>
     <span class='ocr_line' id='line_1_7' title="bbox 503 870 1817 940; baseline -0.004 -13"><span class='ocrx_word' id='word_1_40' title='bbox 503 871 618 927; x_wconf 88' lang='lat' dir='ltr'><strong>nilo</strong></span> <span class='ocrx_word' id='word_1_41' title='bbox 663 870 905 926; x_wconf 85' lang='lat' dir='ltr'><strong>deterius</strong></span> <span class='ocrx_word' id='word_1_42' title='bbox 951 871 1209 928; x_wconf 87' lang='lat' dir='ltr'><strong>dominae</strong></span> <span class='ocrx_word' id='word_1_43' title='bbox 1249 872 1341 928; x_wconf 83' lang='lat' dir='ltr'><strong>ius</strong></span> <span class='ocrx_word' id='word_1_44' title='bbox 1387 887 1539 926; x_wconf 86' lang='lat' dir='ltr'><strong>esse:</strong></span> <span class='ocrx_word' id='word_1_45' title='bbox 1582 871 1817 940; x_wconf 89' lang='lat' dir='ltr'><strong>rogabat</strong></span> 
     </span>
     <span class='ocr_line' id='line_1_8' title="bbox 504 953 1949 1030; baseline -0.003 -19"><span class='ocrx_word' id='word_1_46' title='bbox 504 956 744 1029; x_wconf 87' lang='lat' dir='ltr'><strong>denique</strong></span> <span class='ocrx_word' id='word_1_47' title='bbox 790 973 888 1010; x_wconf 89' lang='lat' dir='ltr'><strong>cur</strong></span> <span class='ocrx_word' id='word_1_48' title='bbox 929 975 1175 1030; x_wconf 89' lang='lat' dir='ltr'><strong>unquam</strong></span> <span class='ocrx_word' id='word_1_49' title='bbox 1218 956 1479 1030; x_wconf 81' lang='lat' dir='ltr'><strong>fugisset,</strong></span> <span class='ocrx_word' id='word_1_50' title='bbox 1526 953 1617 1010; x_wconf 91' lang='lat' dir='ltr'><strong>cui</strong></span> <span class='ocrx_word' id='word_1_51' title='bbox 1658 953 1792 1008; x_wconf 88' lang='lat' dir='ltr'><strong>satis</strong></span> <span class='ocrx_word' id='word_1_52' title='bbox 1836 971 1949 1006; x_wconf 89' lang='lat' dir='ltr'><strong>una</strong></span> 
     </span>
     <span class='ocr_line' id='line_1_9' title="bbox 506 1037 1956 1114; baseline -0.005 -17"><span class='ocrx_word' id='word_1_53' title='bbox 506 1041 666 1097; x_wconf 77' lang='lat' dir='ltr'><strong>farris</strong></span> <span class='ocrx_word' id='word_1_54' title='bbox 710 1041 854 1096; x_wconf 91' lang='lat' dir='ltr'><strong>libra</strong></span> <span class='ocrx_word' id='word_1_55' title='bbox 895 1041 1056 1110; x_wconf 80' lang='lat' dir='ltr'><strong>foret,</strong></span> <span class='ocrx_word' id='word_1_56' title='bbox 1101 1041 1299 1114; x_wconf 82' lang='lat' dir='ltr'><strong>gracili</strong></span> <span class='ocrx_word' id='word_1_57' title='bbox 1342 1040 1423 1096; x_wconf 88' lang='lat' dir='ltr'><strong>sic</strong></span> <span class='ocrx_word' id='word_1_58' title='bbox 1464 1048 1690 1112; x_wconf 87' lang='lat' dir='ltr'><strong>tamque</strong></span> <span class='ocrx_word' id='word_1_59' title='bbox 1730 1037 1956 1110; x_wconf 90' lang='lat' dir='ltr'><strong>pusillo.</strong></span> 
     </span>
    </p>

    <p class='ocr_par' dir='ltr' id='par_1_4' title="bbox 388 1123 2257 1540">
     <span class='ocr_line' id='line_1_10' title="bbox 388 1123 1876 1199; baseline -0.002 -19"><span class='ocrx_word' id='word_1_60' title='bbox 388 1131 463 1183; x_wconf 79' lang='lat'><strong>⁷0</strong></span> <span class='ocrx_word' id='word_1_61' title='bbox 507 1144 733 1199; x_wconf 89' lang='lat' dir='ltr'><strong>prorsus</strong></span> <span class='ocrx_word' id='word_1_62' title='bbox 777 1125 1016 1182; x_wconf 88' lang='lat' dir='ltr'><strong>iucunde</strong></span> <span class='ocrx_word' id='word_1_63' title='bbox 1063 1145 1263 1182; x_wconf 88' lang='lat' dir='ltr'><strong>cenam</strong></span> <span class='ocrx_word' id='word_1_64' title='bbox 1304 1124 1661 1199; x_wconf 83' lang='lat' dir='ltr'><strong>producimus</strong></span> <span class='ocrx_word' id='word_1_65' title='bbox 1705 1123 1876 1178; x_wconf 86' lang='lat' dir='ltr'><strong>illam.</strong></span> 
     </span>
     <span class='ocr_line' id='line_1_11' title="bbox 507 1203 2257 1278; baseline -0.007 -12"><span class='ocrx_word' id='word_1_66' title='bbox 507 1212 786 1267; x_wconf 84' lang='lat' dir='ltr'><strong>tendimus</strong></span> <span class='ocrx_word' id='word_1_67' title='bbox 827 1212 960 1268; x_wconf 90' lang='lat' dir='ltr'><strong>hinc</strong></span> <span class='ocrx_word' id='word_1_68' title='bbox 999 1222 1156 1268; x_wconf 87' lang='lat' dir='ltr'><strong>recta</strong></span> <span class='ocrx_word' id='word_1_69' title='bbox 1196 1214 1615 1278; x_wconf 83' lang='lat' dir='ltr'><strong>Beneventum3</strong></span> <span class='ocrx_word' id='word_1_70' title='bbox 1672 1208 1771 1264; x_wconf 87' lang='lat' dir='ltr'><strong>ubi</strong></span> <span class='ocrx_word' id='word_1_71' title='bbox 1813 1205 2039 1262; x_wconf 90' lang='lat' dir='ltr'><strong>sedulus</strong></span> <span class='ocrx_word' id='word_1_72' title='bbox 2078 1203 2257 1274; x_wconf 82' lang='lat' dir='ltr'><strong>hospes</strong></span> 
     </span>
     <span class='ocr_line' id='line_1_12' title="bbox 507 1290 2056 1369; baseline -0.003 -17"><span class='ocrx_word' id='word_1_73' title='bbox 507 1315 686 1369; x_wconf 89' lang='lat' dir='ltr'><strong>paene</strong></span> <span class='ocrx_word' id='word_1_74' title='bbox 730 1314 943 1354; x_wconf 87' lang='lat' dir='ltr'><strong>macros</strong></span> <span class='ocrx_word' id='word_1_75' title='bbox 987 1298 1128 1354; x_wconf 85' lang='lat' dir='ltr'><strong>arsit</strong></span> <span class='ocrx_word' id='word_1_76' title='bbox 1170 1300 1302 1353; x_wconf 88' lang='lat' dir='ltr'><strong>dum</strong></span> <span class='ocrx_word' id='word_1_77' title='bbox 1348 1297 1542 1350; x_wconf 90' lang='lat' dir='ltr'><strong>turdos</strong></span> <span class='ocrx_word' id='word_1_78' title='bbox 1586 1301 1775 1350; x_wconf 80' lang='lat' dir='ltr'><strong>versat</strong></span> <span class='ocrx_word' id='word_1_79' title='bbox 1817 1293 1876 1348; x_wconf 88' lang='lat' dir='ltr'><strong>in</strong></span> <span class='ocrx_word' id='word_1_80' title='bbox 1922 1290 2056 1362; x_wconf 72' lang='lat' dir='ltr'><strong>igni.</strong></span> 
     </span>
     <span class='ocr_line' id='line_1_13' title="bbox 511 1376 2063 1455; baseline -0.004 -19"><span class='ocrx_word' id='word_1_81' title='bbox 511 1400 638 1436; x_wconf 89' lang='lat' dir='ltr'><strong>nam</strong></span> <span class='ocrx_word' id='word_1_82' title='bbox 682 1399 824 1454; x_wconf 81' lang='lat' dir='ltr'><strong>vaga</strong></span> <span class='ocrx_word' id='word_1_83' title='bbox 866 1401 966 1455; x_wconf 90' lang='lat' dir='ltr'><strong>per</strong></span> <span class='ocrx_word' id='word_1_84' title='bbox 1007 1392 1255 1438; x_wconf 80' lang='lat' dir='ltr'><strong>veterem</strong></span> <span class='ocrx_word' id='word_1_85' title='bbox 1301 1382 1516 1454; x_wconf 86' lang='lat' dir='ltr'><strong>dilapso</strong></span> <span class='ocrx_word' id='word_1_86' title='bbox 1560 1379 1781 1434; x_wconf 88' lang='lat' dir='ltr'><strong>flamma</strong></span> <span class='ocrx_word' id='word_1_87' title='bbox 1824 1376 2063 1433; x_wconf 88' lang='lat' dir='ltr'><strong>culinam</strong></span> 
     </span>
     <span class='ocr_line' id='line_1_14' title="bbox 513 1465 2017 1540; baseline -0.001 -18"><span class='ocrx_word' id='word_1_88' title='bbox 513 1467 764 1522; x_wconf 87' lang='lat' dir='ltr'><strong>Volcano</strong></span> <span class='ocrx_word' id='word_1_89' title='bbox 809 1479 1080 1522; x_wconf 77' lang='lat' dir='ltr'><strong>summum</strong></span> <span class='ocrx_word' id='word_1_90' title='bbox 1121 1469 1459 1540; x_wconf 81' lang='lat' dir='ltr'><strong>properabat</strong></span> <span class='ocrx_word' id='word_1_91' title='bbox 1500 1465 1744 1520; x_wconf 88' lang='lat' dir='ltr'><strong>lambere</strong></span> <span class='ocrx_word' id='word_1_92' title='bbox 1786 1471 2017 1520; x_wconf 76' lang='lat' dir='ltr'><strong>tectum.</strong></span> 
     </span>
    </p>

    <p class='ocr_par' dir='ltr' id='par_1_5' title="bbox 390 1549 2164 1966">
     <span class='ocr_line' id='line_1_15' title="bbox 390 1549 1877 1624; baseline -0.001 -19"><span class='ocrx_word' id='word_1_93' title='bbox 390 1557 463 1607; x_wconf 83' lang='lat'><strong>⁷5</strong></span> <span class='ocrx_word' id='word_1_94' title='bbox 513 1552 773 1607; x_wconf 84' lang='lat' dir='ltr'><strong>convivas</strong></span> <span class='ocrx_word' id='word_1_95' title='bbox 817 1553 1006 1608; x_wconf 87' lang='lat' dir='ltr'><strong>avidos</strong></span> <span class='ocrx_word' id='word_1_96' title='bbox 1050 1570 1243 1608; x_wconf 87' lang='lat' dir='ltr'><strong>cenam</strong></span> <span class='ocrx_word' id='word_1_97' title='bbox 1286 1568 1587 1624; x_wconf 87' lang='lat' dir='ltr'><strong>servosque</strong></span> <span class='ocrx_word' id='word_1_98' title='bbox 1631 1549 1877 1604; x_wconf 89' lang='lat' dir='ltr'><strong>timentis</strong></span> 
     </span>
     <span class='ocr_line' id='line_1_16' title="bbox 517 1631 2164 1710; baseline -0.005 -19"><span class='ocrx_word' id='word_1_99' title='bbox 517 1645 638 1692; x_wconf 89' lang='lat' dir='ltr'><strong>tum</strong></span> <span class='ocrx_word' id='word_1_100' title='bbox 681 1655 877 1710; x_wconf 87' lang='lat' dir='ltr'><strong>rapere</strong></span> <span class='ocrx_word' id='word_1_101' title='bbox 922 1645 1089 1710; x_wconf 90' lang='lat' dir='ltr'><strong>atque</strong></span> <span class='ocrx_word' id='word_1_102' title='bbox 1133 1637 1310 1692; x_wconf 89' lang='lat' dir='ltr'><strong>omnis</strong></span> <span class='ocrx_word' id='word_1_103' title='bbox 1355 1636 1705 1708; x_wconf 85' lang='lat' dir='ltr'><strong>restinguere</strong></span> <span class='ocrx_word' id='word_1_104' title='bbox 1750 1634 1894 1690; x_wconf 84' lang='lat' dir='ltr'><strong>velle</strong></span> <span class='ocrx_word' id='word_1_105' title='bbox 1938 1631 2164 1687; x_wconf 84' lang='lat' dir='ltr'><strong>videres.</strong></span> 
     </span>
     <span class='ocr_line' id='line_1_17' title="bbox 518 1721 1717 1795; baseline -0.003 -18"><span class='ocrx_word' id='word_1_106' title='bbox 518 1721 716 1795; x_wconf 81' lang='lat' dir='ltr'><strong>incipit</strong></span> <span class='ocrx_word' id='word_1_107' title='bbox 758 1741 831 1777; x_wconf 86' lang='lat' dir='ltr'><strong>ex</strong></span> <span class='ocrx_word' id='word_1_108' title='bbox 873 1722 971 1778; x_wconf 90' lang='lat' dir='ltr'><strong>illo</strong></span> <span class='ocrx_word' id='word_1_109' title='bbox 1013 1722 1216 1778; x_wconf 88' lang='lat' dir='ltr'><strong>montis</strong></span> <span class='ocrx_word' id='word_1_110' title='bbox 1260 1722 1510 1795; x_wconf 86' lang='lat' dir='ltr'><strong>Appulia</strong></span> <span class='ocrx_word' id='word_1_111' title='bbox 1550 1730 1717 1777; x_wconf 91' lang='lat' dir='ltr'><strong>notos</strong></span> 
     </span>
     <span class='ocr_line' id='line_1_18' title="bbox 521 1806 2012 1882; baseline -0.003 -19"><span class='ocrx_word' id='word_1_112' title='bbox 521 1815 804 1864; x_wconf 87' lang='lat' dir='ltr'><strong>ostentare</strong></span> <span class='ocrx_word' id='word_1_113' title='bbox 847 1808 998 1875; x_wconf 88' lang='lat' dir='ltr'><strong>mihi,</strong></span> <span class='ocrx_word' id='word_1_114' title='bbox 1046 1828 1186 1882; x_wconf 90' lang='lat' dir='ltr'><strong>quos</strong></span> <span class='ocrx_word' id='word_1_115' title='bbox 1229 1815 1409 1864; x_wconf 87' lang='lat' dir='ltr'><strong>torret</strong></span> <span class='ocrx_word' id='word_1_116' title='bbox 1449 1806 1726 1863; x_wconf 85' lang='lat' dir='ltr'><strong>Atabulus</strong></span> <span class='ocrx_word' id='word_1_117' title='bbox 1772 1811 1829 1860; x_wconf 90' lang='lat' dir='ltr'><strong>et</strong></span> <span class='ocrx_word' id='word_1_118' title='bbox 1872 1820 2012 1875; x_wconf 87' lang='lat' dir='ltr'><strong>quos</strong></span> 
     </span>
     <span class='ocr_line' id='line_1_19' title="bbox 521 1888 1975 1966; baseline -0.003 -19"><span class='ocrx_word' id='word_1_119' title='bbox 521 1911 803 1965; x_wconf 86' lang='lat' dir='ltr'><strong>nunquam</strong></span> <span class='ocrx_word' id='word_1_120' title='bbox 847 1911 1182 1966; x_wconf 84' lang='lat' dir='ltr'><strong>erepsemus‚</strong></span> <span class='ocrx_word' id='word_1_121' title='bbox 1230 1893 1341 1948; x_wconf 90' lang='lat' dir='ltr'><strong>nisi</strong></span> <span class='ocrx_word' id='word_1_122' title='bbox 1386 1911 1487 1948; x_wconf 88' lang='lat' dir='ltr'><strong>nos</strong></span> <span class='ocrx_word' id='word_1_123' title='bbox 1531 1892 1718 1948; x_wconf 86' lang='lat' dir='ltr'><strong>vicina</strong></span> <span class='ocrx_word' id='word_1_124' title='bbox 1764 1888 1975 1946; x_wconf 86' lang='lat' dir='ltr'><strong>Trivici</strong></span> 
     </span>
    </p>

    <p class='ocr_par' dir='ltr' id='par_1_6' title="bbox 399 1976 2171 2376">
     <span class='ocr_line' id='line_1_20' title="bbox 399 1976 1895 2050; baseline -0.001 -18"><span class='ocrx_word' id='word_1_125' title='bbox 399 1979 476 2033; x_wconf 89' lang='lat'><strong>80</strong></span> <span class='ocrx_word' id='word_1_126' title='bbox 524 1977 658 2033; x_wconf 81' lang='lat' dir='ltr'><strong>villa</strong></span> <span class='ocrx_word' id='word_1_127' title='bbox 701 1979 1023 2050; x_wconf 87' lang='lat' dir='ltr'><strong>recepisset,</strong></span> <span class='ocrx_word' id='word_1_128' title='bbox 1070 1979 1363 2036; x_wconf 85' lang='lat' dir='ltr'><strong>lacrimoso</strong></span> <span class='ocrx_word' id='word_1_129' title='bbox 1408 1996 1519 2034; x_wconf 87' lang='lat' dir='ltr'><strong>non</strong></span> <span class='ocrx_word' id='word_1_130' title='bbox 1564 1978 1683 2032; x_wconf 87' lang='lat' dir='ltr'><strong>sine</strong></span> <span class='ocrx_word' id='word_1_131' title='bbox 1726 1976 1895 2042; x_wconf 84' lang='lat' dir='ltr'><strong>fumo,</strong></span> 
     </span>
     <span class='ocr_line' id='line_1_21' title="bbox 525 2063 1770 2120; baseline -0.001 -2"><span class='ocrx_word' id='word_1_132' title='bbox 525 2065 668 2119; x_wconf 91' lang='lat' dir='ltr'><strong>udos</strong></span> <span class='ocrx_word' id='word_1_133' title='bbox 714 2082 837 2118; x_wconf 90' lang='lat' dir='ltr'><strong>cum</strong></span> <span class='ocrx_word' id='word_1_134' title='bbox 878 2063 1028 2120; x_wconf 80' lang='lat' dir='ltr'><strong>foliis</strong></span> <span class='ocrx_word' id='word_1_135' title='bbox 1071 2083 1251 2119; x_wconf 89' lang='lat' dir='ltr'><strong>ramos</strong></span> <span class='ocrx_word' id='word_1_136' title='bbox 1296 2073 1492 2118; x_wconf 87' lang='lat' dir='ltr'><strong>urente</strong></span> <span class='ocrx_word' id='word_1_137' title='bbox 1536 2063 1770 2118; x_wconf 77' lang='lat' dir='ltr'><strong>camino.</strong></span> 
     </span>
     <span class='ocr_line' id='line_1_22' title="bbox 526 2143 2044 2221; baseline -0.004 -19"><span class='ocrx_word' id='word_1_138' title='bbox 526 2147 616 2202; x_wconf 91' lang='lat' dir='ltr'><strong>hic</strong></span> <span class='ocrx_word' id='word_1_139' title='bbox 661 2167 765 2221; x_wconf 85' lang='lat' dir='ltr'><strong>ego</strong></span> <span class='ocrx_word' id='word_1_140' title='bbox 809 2151 1132 2204; x_wconf 87' lang='lat' dir='ltr'><strong>mendacem</strong></span> <span class='ocrx_word' id='word_1_141' title='bbox 1176 2148 1533 2204; x_wconf 88' lang='lat' dir='ltr'><strong>stultissimus</strong></span> <span class='ocrx_word' id='word_1_142' title='bbox 1578 2164 1755 2220; x_wconf 84' lang='lat' dir='ltr'><strong>usque</strong></span> <span class='ocrx_word' id='word_1_143' title='bbox 1798 2143 2044 2218; x_wconf 85' lang='lat' dir='ltr'><strong>puellam</strong></span> 
     </span>
     <span class='ocr_line' id='line_1_23' title="bbox 527 2227 2171 2307; baseline -0.005 -19"><span class='ocrx_word' id='word_1_144' title='bbox 527 2234 597 2288; x_wconf 91' lang='lat' dir='ltr'><strong>ad</strong></span> <span class='ocrx_word' id='word_1_145' title='bbox 642 2233 881 2289; x_wconf 89' lang='lat' dir='ltr'><strong>mediam</strong></span> <span class='ocrx_word' id='word_1_146' title='bbox 925 2244 1144 2290; x_wconf 90' lang='lat' dir='ltr'><strong>noctem</strong></span> <span class='ocrx_word' id='word_1_147' title='bbox 1190 2242 1457 2307; x_wconf 85' lang='lat' dir='ltr'><strong>expecto:</strong></span> <span class='ocrx_word' id='word_1_148' title='bbox 1504 2250 1728 2289; x_wconf 88' lang='lat' dir='ltr'><strong>somnus</strong></span> <span class='ocrx_word' id='word_1_149' title='bbox 1772 2239 1957 2284; x_wconf 89' lang='lat' dir='ltr'><strong>tamen</strong></span> <span class='ocrx_word' id='word_1_150' title='bbox 2000 2227 2171 2282; x_wconf 84' lang='lat' dir='ltr'><strong>aufert</strong></span> 
     </span>
     <span class='ocr_line' id='line_1_24' title="bbox 525 2313 1982 2376; baseline -0.003 -5"><span class='ocrx_word' id='word_1_151' title='bbox 525 2317 802 2372; x_wconf 88' lang='lat' dir='ltr'><strong>intentum</strong></span> <span class='ocrx_word' id='word_1_152' title='bbox 846 2319 1083 2376; x_wconf 87' lang='lat' dir='ltr'><strong>Veneri:</strong></span> <span class='ocrx_word' id='word_1_153' title='bbox 1129 2327 1248 2374; x_wconf 89' lang='lat' dir='ltr'><strong>tum</strong></span> <span class='ocrx_word' id='word_1_154' title='bbox 1291 2318 1559 2374; x_wconf 88' lang='lat' dir='ltr'><strong>inmundo</strong></span> <span class='ocrx_word' id='word_1_155' title='bbox 1604 2316 1817 2372; x_wconf 89' lang='lat' dir='ltr'><strong>somnia</strong></span> <span class='ocrx_word' id='word_1_156' title='bbox 1859 2313 1982 2369; x_wconf 84' lang='lat' dir='ltr'><strong>visu</strong></span> 
     </span>
    </p>

    <p class='ocr_par' dir='ltr' id='par_1_7' title="bbox 405 2399 2159 2817">
     <span class='ocr_line' id='line_1_25' title="bbox 405 2399 2159 2474; baseline -0.004 -16"><span class='ocrx_word' id='word_1_157' title='bbox 405 2407 478 2458; x_wconf 83' lang='lat'><strong>85</strong></span> <span class='ocrx_word' id='word_1_158' title='bbox 527 2410 856 2458; x_wconf 85' lang='lat' dir='ltr'><strong>nocturnam</strong></span> <span class='ocrx_word' id='word_1_159' title='bbox 899 2413 1110 2460; x_wconf 85' lang='lat' dir='ltr'><strong>vestem</strong></span> <span class='ocrx_word' id='word_1_160' title='bbox 1156 2404 1438 2458; x_wconf 88' lang='lat' dir='ltr'><strong>maculant</strong></span> <span class='ocrx_word' id='word_1_161' title='bbox 1481 2411 1843 2474; x_wconf 87' lang='lat' dir='ltr'><strong>ventremque</strong></span> <span class='ocrx_word' id='word_1_162' title='bbox 1886 2399 2159 2469; x_wconf 85' lang='lat' dir='ltr'><strong>supinum.</strong></span> 
     </span>
     <span class='ocr_line' id='line_1_26' title="bbox 531 2484 2042 2562; baseline -0.002 -22"><span class='ocrx_word' id='word_1_163' title='bbox 531 2495 796 2560; x_wconf 87' lang='lat' dir='ltr'><strong>quattuor</strong></span> <span class='ocrx_word' id='word_1_164' title='bbox 838 2489 967 2544; x_wconf 90' lang='lat' dir='ltr'><strong>hinc</strong></span> <span class='ocrx_word' id='word_1_165' title='bbox 1009 2490 1255 2562; x_wconf 88' lang='lat' dir='ltr'><strong>rapimur</strong></span> <span class='ocrx_word' id='word_1_166' title='bbox 1296 2488 1496 2560; x_wconf 88' lang='lat' dir='ltr'><strong>viginti</strong></span> <span class='ocrx_word' id='word_1_167' title='bbox 1542 2499 1597 2542; x_wconf 93' lang='lat' dir='ltr'><strong>et</strong></span> <span class='ocrx_word' id='word_1_168' title='bbox 1640 2487 1792 2542; x_wconf 88' lang='lat' dir='ltr'><strong>milia</strong></span> <span class='ocrx_word' id='word_1_169' title='bbox 1832 2484 2042 2548; x_wconf 83' lang='lat' dir='ltr'><strong>rhedis,</strong></span> 
     </span>
     <span class='ocr_line' id='line_1_27' title="bbox 532 2573 2052 2647; baseline -0.002 -21"><span class='ocrx_word' id='word_1_170' title='bbox 532 2573 778 2627; x_wconf 88' lang='lat' dir='ltr'><strong>mansuri</strong></span> <span class='ocrx_word' id='word_1_171' title='bbox 823 2575 1105 2647; x_wconf 88' lang='lat' dir='ltr'><strong>oppidu10,</strong></span> <span class='ocrx_word' id='word_1_172' title='bbox 1149 2577 1301 2645; x_wconf 89' lang='lat' dir='ltr'><strong>quod</strong></span> <span class='ocrx_word' id='word_1_173' title='bbox 1344 2592 1513 2629; x_wconf 80' lang='lat' dir='ltr'><strong>versu</strong></span> <span class='ocrx_word' id='word_1_174' title='bbox 1558 2573 1745 2628; x_wconf 88' lang='lat' dir='ltr'><strong>dicere</strong></span> <span class='ocrx_word' id='word_1_175' title='bbox 1788 2589 1901 2628; x_wconf 88' lang='lat' dir='ltr'><strong>non</strong></span> <span class='ocrx_word' id='word_1_176' title='bbox 1947 2577 2052 2638; x_wconf 88' lang='lat' dir='ltr'><strong>est,</strong></span> 
     </span>
     <span class='ocr_line' id='line_1_28' title="bbox 531 2657 1949 2731; baseline -0.001 -19"><span class='ocrx_word' id='word_1_177' title='bbox 531 2657 707 2729; x_wconf 89' lang='lat' dir='ltr'><strong>signis</strong></span> <span class='ocrx_word' id='word_1_178' title='bbox 749 2660 1016 2731; x_wconf 84' lang='lat' dir='ltr'><strong>perfacile</strong></span> <span class='ocrx_word' id='word_1_179' title='bbox 1062 2668 1168 2716; x_wconf 80' lang='lat' dir='ltr'><strong>est.</strong></span> <span class='ocrx_word' id='word_1_180' title='bbox 1256 2659 1409 2714; x_wconf 83' lang='lat' dir='ltr'><strong>venit</strong></span> <span class='ocrx_word' id='word_1_181' title='bbox 1452 2657 1723 2714; x_wconf 81' lang='lat' dir='ltr'><strong>vilissima</strong></span> <span class='ocrx_word' id='word_1_182' title='bbox 1764 2674 1949 2712; x_wconf 86' lang='lat' dir='ltr'><strong>rerum</strong></span> 
     </span>
     <span class='ocr_line' id='line_1_29' title="bbox 523 2741 2061 2817; baseline -0.002 -19"><span class='ocrx_word' id='word_1_183' title='bbox 523 2743 615 2798; x_wconf 87' lang='lat' dir='ltr'><strong>hic</strong></span> <span class='ocrx_word' id='word_1_184' title='bbox 659 2761 836 2815; x_wconf 87' lang='lat' dir='ltr'><strong>aqua;</strong></span> <span class='ocrx_word' id='word_1_185' title='bbox 883 2747 981 2802; x_wconf 89' lang='lat' dir='ltr'><strong>sed</strong></span> <span class='ocrx_word' id='word_1_186' title='bbox 1026 2744 1184 2817; x_wconf 86' lang='lat' dir='ltr'><strong>panis</strong></span> <span class='ocrx_word' id='word_1_187' title='bbox 1229 2746 1397 2816; x_wconf 89' lang='lat' dir='ltr'><strong>longe</strong></span> <span class='ocrx_word' id='word_1_188' title='bbox 1442 2742 1867 2816; x_wconf 84' lang='lat' dir='ltr'><strong>pulcherrimus,</strong></span> <span class='ocrx_word' id='word_1_189' title='bbox 1911 2741 2061 2796; x_wconf 87' lang='lat' dir='ltr'><strong>ultra</strong></span> 
     </span>
    </p>

    <p class='ocr_par' dir='ltr' id='par_1_8' title="bbox 406 2827 2139 3242">
     <span class='ocr_line' id='line_1_30' title="bbox 406 2827 1866 2901; baseline -0.001 -19"><span class='ocrx_word' id='word_1_190' title='bbox 406 2830 480 2883; x_wconf 85' lang='lat'><strong>90</strong></span> <span class='ocrx_word' id='word_1_191' title='bbox 528 2827 760 2884; x_wconf 90' lang='lat' dir='ltr'><strong>callidus</strong></span> <span class='ocrx_word' id='word_1_192' title='bbox 808 2838 870 2884; x_wconf 89' lang='lat' dir='ltr'><strong>ut</strong></span> <span class='ocrx_word' id='word_1_193' title='bbox 913 2832 1094 2886; x_wconf 90' lang='lat' dir='ltr'><strong>soleat</strong></span> <span class='ocrx_word' id='word_1_194' title='bbox 1137 2831 1342 2885; x_wconf 87' lang='lat' dir='ltr'><strong>umeris</strong></span> <span class='ocrx_word' id='word_1_195' title='bbox 1387 2836 1615 2901; x_wconf 86' lang='lat' dir='ltr'><strong>portare</strong></span> <span class='ocrx_word' id='word_1_196' title='bbox 1659 2828 1866 2882; x_wconf 85' lang='lat' dir='ltr'><strong>viator:</strong></span> 
     </span>
     <span class='ocr_line' id='line_1_31' title="bbox 527 2912 2139 2987; baseline -0.001 -20"><span class='ocrx_word' id='word_1_197' title='bbox 527 2932 656 2967; x_wconf 89' lang='lat' dir='ltr'><strong>nam</strong></span> <span class='ocrx_word' id='word_1_198' title='bbox 701 2912 904 2971; x_wconf 84' lang='lat' dir='ltr'><strong>Canusi</strong></span> <span class='ocrx_word' id='word_1_199' title='bbox 947 2915 1254 2987; x_wconf 88' lang='lat' dir='ltr'><strong>lapidosus,</strong></span> <span class='ocrx_word' id='word_1_200' title='bbox 1299 2932 1475 2987; x_wconf 88' lang='lat' dir='ltr'><strong>aquae</strong></span> <span class='ocrx_word' id='word_1_201' title='bbox 1520 2931 1633 2968; x_wconf 92' lang='lat' dir='ltr'><strong>non</strong></span> <span class='ocrx_word' id='word_1_202' title='bbox 1678 2912 1847 2968; x_wconf 89' lang='lat' dir='ltr'><strong>ditior</strong></span> <span class='ocrx_word' id='word_1_203' title='bbox 1890 2929 2031 2966; x_wconf 86' lang='lat' dir='ltr'><strong>urna</strong></span> <span class='ocrx_word' id='word_1_204' title='bbox 2132 2916 2139 2924; x_wconf 90' lang='grc'><em>“</em></span> 
     </span>
     <span class='ocr_line' id='line_1_32' title="bbox 529 2996 2017 3070; baseline -0.001 -19"><span class='ocrx_word' id='word_1_205' title='bbox 529 2998 626 3070; x_wconf 92' lang='lat' dir='ltr'><strong>qui</strong></span> <span class='ocrx_word' id='word_1_206' title='bbox 670 2999 825 3054; x_wconf 88' lang='lat' dir='ltr'><strong>locus</strong></span> <span class='ocrx_word' id='word_1_207' title='bbox 871 3019 904 3054; x_wconf 89' lang='lat' dir='ltr'><strong>a</strong></span> <span class='ocrx_word' id='word_1_208' title='bbox 946 3000 1078 3056; x_wconf 78' lang='lat' dir='ltr'><strong>forti</strong></span> <span class='ocrx_word' id='word_1_209' title='bbox 1121 2999 1395 3054; x_wconf 86' lang='lat' dir='ltr'><strong>Diomede</strong></span> <span class='ocrx_word' id='word_1_210' title='bbox 1438 3007 1523 3054; x_wconf 90' lang='lat' dir='ltr'><strong>est</strong></span> <span class='ocrx_word' id='word_1_211' title='bbox 1567 2997 1823 3053; x_wconf 85' lang='lat' dir='ltr'><strong>conditus</strong></span> <span class='ocrx_word' id='word_1_212' title='bbox 1868 2996 2017 3052; x_wconf 86' lang='lat' dir='ltr'><strong>olim.</strong></span> 
     </span>
     <span class='ocr_line' id='line_1_33' title="bbox 525 3081 1985 3142; baseline -0.001 -6"><span class='ocrx_word' id='word_1_213' title='bbox 525 3083 788 3138; x_wconf 89' lang='lat' dir='ltr'><strong>flentibus</strong></span> <span class='ocrx_word' id='word_1_214' title='bbox 831 3085 922 3140; x_wconf 90' lang='lat' dir='ltr'><strong>hic</strong></span> <span class='ocrx_word' id='word_1_215' title='bbox 965 3085 1169 3142; x_wconf 88' lang='lat' dir='ltr'><strong>Varius</strong></span> <span class='ocrx_word' id='word_1_216' title='bbox 1214 3083 1450 3139; x_wconf 85' lang='lat' dir='ltr'><strong>discedit</strong></span> <span class='ocrx_word' id='word_1_217' title='bbox 1492 3091 1732 3139; x_wconf 86' lang='lat' dir='ltr'><strong>maestus</strong></span> <span class='ocrx_word' id='word_1_218' title='bbox 1777 3081 1985 3137; x_wconf 86' lang='lat' dir='ltr'><strong>amicis.</strong></span> 
     </span>
     <span class='ocr_line' id='line_1_34' title="bbox 529 3165 2003 3242; baseline 0.002 -22"><span class='ocrx_word' id='word_1_219' title='bbox 529 3165 658 3222; x_wconf 92' lang='lat' dir='ltr'><strong>inde</strong></span> <span class='ocrx_word' id='word_1_220' title='bbox 702 3168 892 3224; x_wconf 87' lang='lat' dir='ltr'><strong>Rubos</strong></span> <span class='ocrx_word' id='word_1_221' title='bbox 934 3171 1068 3226; x_wconf 84' lang='lat' dir='ltr'><strong>fessi</strong></span> <span class='ocrx_word' id='word_1_222' title='bbox 1111 3169 1488 3242; x_wconf 83' lang='lat' dir='ltr'><strong>pervenimus,</strong></span> <span class='ocrx_word' id='word_1_223' title='bbox 1534 3176 1729 3240; x_wconf 81' lang='lat' dir='ltr'><strong>utpote</strong></span> <span class='ocrx_word' id='word_1_224' title='bbox 1773 3167 2003 3238; x_wconf 88' lang='lat' dir='ltr'><strong>longum</strong></span> 
     </span>
    </p>

    <p class='ocr_par' dir='ltr' id='par_1_9' title="bbox 410 3252 2039 3584">
     <span class='ocr_line' id='line_1_35' title="bbox 410 3252 1900 3328; baseline 0 -22"><span class='ocrx_word' id='word_1_225' title='bbox 410 3256 483 3307; x_wconf 81' lang='lat'><strong>95</strong></span> <span class='ocrx_word' id='word_1_226' title='bbox 503 3309 512 3314; x_wconf 77' lang='grc'><strong>,</strong></span> <span class='ocrx_word' id='word_1_227' title='bbox 532 3262 820 3323; x_wconf 87' lang='lat' dir='ltr'><strong>carpentes</strong></span> <span class='ocrx_word' id='word_1_228' title='bbox 865 3255 973 3310; x_wconf 90' lang='lat' dir='ltr'><strong>iter</strong></span> <span class='ocrx_word' id='word_1_229' title='bbox 1016 3263 1072 3310; x_wconf 86' lang='lat' dir='ltr'><strong>et</strong></span> <span class='ocrx_word' id='word_1_230' title='bbox 1114 3255 1321 3310; x_wconf 87' lang='lat' dir='ltr'><strong>factum</strong></span> <span class='ocrx_word' id='word_1_231' title='bbox 1364 3254 1673 3328; x_wconf 86' lang='lat' dir='ltr'><strong>corruptius</strong></span> <span class='ocrx_word' id='word_1_232' title='bbox 1717 3252 1900 3308; x_wconf 86' lang='lat' dir='ltr'><strong>imbri.</strong></span> 
     </span>
     <span class='ocr_line' id='line_1_36' title="bbox 531 3339 2039 3412; baseline 0.001 -22"><span class='ocrx_word' id='word_1_233' title='bbox 531 3345 758 3407; x_wconf 88' lang='lat' dir='ltr'><strong>postera</strong></span> <span class='ocrx_word' id='word_1_234' title='bbox 801 3347 1099 3412; x_wconf 88' lang='lat' dir='ltr'><strong>tempestas</strong></span> <span class='ocrx_word' id='word_1_235' title='bbox 1145 3341 1361 3407; x_wconf 89' lang='lat' dir='ltr'><strong>melior,</strong></span> <span class='ocrx_word' id='word_1_236' title='bbox 1406 3341 1495 3395; x_wconf 87' lang='lat' dir='ltr'><strong>via</strong></span> <span class='ocrx_word' id='word_1_237' title='bbox 1539 3340 1698 3412; x_wconf 91' lang='lat' dir='ltr'><strong>peior</strong></span> <span class='ocrx_word' id='word_1_238' title='bbox 1742 3339 1813 3392; x_wconf 90' lang='lat' dir='ltr'><strong>ad</strong></span> <span class='ocrx_word' id='word_1_239' title='bbox 1859 3354 2039 3409; x_wconf 90' lang='lat' dir='ltr'><strong>usque</strong></span> 
     </span>
     <span class='ocr_line' id='line_1_37' title="bbox 529 3421 1939 3498; baseline 0.002 -23"><span class='ocrx_word' id='word_1_240' title='bbox 529 3421 665 3475; x_wconf 85' lang='lat' dir='ltr'><strong>Bari</strong></span> <span class='ocrx_word' id='word_1_241' title='bbox 707 3424 923 3478; x_wconf 88' lang='lat' dir='ltr'><strong>moenia</strong></span> <span class='ocrx_word' id='word_1_242' title='bbox 964 3425 1188 3498; x_wconf 89' lang='lat' dir='ltr'><strong>piscosi.</strong></span> <span class='ocrx_word' id='word_1_243' title='bbox 1279 3425 1409 3480; x_wconf 90' lang='lat' dir='ltr'><strong>dein</strong></span> <span class='ocrx_word' id='word_1_244' title='bbox 1450 3424 1658 3480; x_wconf 85' lang='lat' dir='ltr'><strong>Gnatia</strong></span> <span class='ocrx_word' id='word_1_245' title='bbox 1701 3422 1939 3496; x_wconf 85' lang='lat' dir='ltr'><strong>lymphis</strong></span> 
     </span>
     <span class='ocr_line' id='line_1_38' title="bbox 531 3504 1810 3584; baseline 0.003 -26"><span class='ocrx_word' id='word_1_246' title='bbox 531 3504 687 3560; x_wconf 91' lang='lat' dir='ltr'><strong>iratis</strong></span> <span class='ocrx_word' id='word_1_247' title='bbox 733 3515 988 3566; x_wconf 86' lang='lat' dir='ltr'><strong>extructa</strong></span> <span class='ocrx_word' id='word_1_248' title='bbox 1029 3510 1187 3566; x_wconf 88' lang='lat' dir='ltr'><strong>dedit</strong></span> <span class='ocrx_word' id='word_1_249' title='bbox 1226 3510 1484 3584; x_wconf 89' lang='lat' dir='ltr'><strong>risusque</strong></span> <span class='ocrx_word' id='word_1_250' title='bbox 1528 3510 1810 3581; x_wconf 85' lang='lat' dir='ltr'><strong>iocosque,</strong></span> 
     </span>
    </p>
   </div>
  </div>
 </body>
</html>
