2459 3959
272 669 349 720 15

272 1095 352 1146 20

270 1520 350 1583 25

267 1943 355 2021 ‚pso

950 336 1185 393 LIBER
1226 336 1308 393 11.
1357 343 1518 393 2-·—3

398 500 689 564 serpentes
733 490 929 545 avibus
973 490 1345 561 geminentur,
1390 489 1629 560 tigribus
1674 490 1824 562 agni.

396 576 646 649 inceptis·
680 576 941 648 gravibus
985 576 1316 647 plerumque
1359 585 1418 630 et
1461 594 1661 647 magna
1703 577 1970 646 professis

394 680 727 736 purpureus,
770 662 885 715 late
926 661 1025 731 ‘qui
1070 663 1384 732 splendeat,
1425 679 1568 715 unus
1614 668 1672 715 et
1715 662 1857 718 alter

404 748 659 803 adsuitur
698 762 935 818 pannus,
982 764 1105 799 cum
1148 746 1305 800 lucus
1351 756 1408 801 et
1453 764 1550 799 ara
1589 746 1808 802 Dianae

400 843 457 889 et
498 831 848 906 properantis
892 848 1071 902 aquae
1113 850 1215 901 per
1259 850 1520 886 amoenos
1565 833 1804 887 ambitus
1847 850 2032 904 agros,

394 928 493 973 aut
532 921 738 973 flumen
782 917 1039 971 Rhenum
1084 928 1181 970 aut
1223 918 1445 988 pluvius
1491 918 1824 972 describitur
1866 936 2046 973 arcus.

397 1006 497 1059 sed
540 1020 689 1057 nunc
729 1020 842 1057 non
886 1012 1005 1055 erat.
1048 1001 1135 1055 his
1179 1002 1358 1057 locus.
1406 1011 1464 1056 et
1504 1004 1743 1057 fortasse
1789 1019 2114 1076 cupressum

399 1088 507 1143 scis
551 1088 851 1143 simulare:
894 1087 1031 1159 quid
1074 1088 1199 1154 hoc,
1247 1088 1294 1141 si
1338 1088 1528 1142 fractis
1573 1097 1762 1143 enatat
1805 1107 2008 1161 exspes

396 1174 651 1241 navibus,
696 1190 823 1227 aere
868 1174 999 1226 dato
1044 1172 1141 1243 qui
1184 1172 1476 1243 pingitur?
1521 1176 1788 1245 amphora
1829 1174 2015 1247 coepit

398 1258 641 1314 institui:
686 1268 945 1314 currente
986 1268 1113 1311 rota
1154 1275 1256 1311 cur
1299 1276 1496 1313 urceus
1543 1259 1702 1313 exit?

396 1344 639 1416 denique
683 1344 757 1398 sit
799 1341 1038 1415 quidvis,
1084 1342 1324 1413 simplex
1367 1345 1659 1397 dumtaxat
1701 1352 1760 1397 et
1802 1362 1992 1399 unum.

398 1429 639 1484 maxima
680 1447 808 1501 pars
850 1438 1063 1494 vatum,
1110 1436 1272 1497 pater
1315 1438 1374 1483 et
1416 1429 1646 1483 iuvenes
1689 1437 1852 1500 patre
1896 1422 2072 1501 digni,

400 1514 709 1587 decipimur
752 1512 940 1585 specie
983 1512 1151 1573 recti:
1198 1513 1384 1568 brevis
1429 1532 1552 1581 esse
1595 1515 1808 1583 labor0‚

398 1600 665 1655 obscurus
710 1599 819 1666 fi03
866 1605 1171 1653 sectantem
1213 1598 1362 1653 levia
1405 1600 1560 1653 nervi

396 1684 663 1740 deficiunt
704 1684 1018 1755 animique3
1064 1684 1344 1753 professus
1390 1684 1624 1755 grandia
1668 1694 1889 1756 turget3

397 1770 571 1844 serpit
611 1770 767 1825 humi
808 1778 963 1823 tutus
1007 1768 1240 1823 nimium
1281 1770 1622 1842 timidusque
1667 1768 1983 1842 procella03

400 1856 498 1928 qui
541 1854 759 1911 variare
805 1855 959 1925 cupit
1000 1872 1119 1908 rem
1162 1855 1556 1926 prodigialiter
1597 1874 1786 1921 unam,

403 1941 726 2013 delphinum
772 1940 926 1994 silvis
970 1938 1246 2011 impingit,
1291 1942 1551 1995 fiuctibus
1595 1958 1812 2013 aprum.

399 2026 459 2081 in
502 2026 702 2080 vitium
746 2025 903 2079 ducit
946 2026 1146 2096 culpae
1190 2026 1340 2096 fuga,
1388 2026 1435 2080 si
1479 2034 1632 2081 caret
1675 2035 1813 2081 arte.

272 2371 352 2421 35

276 2798 356 2849 40

275 3225 355 3275 45

397 2110 701 2167 Aemilium
748 2110 895 2164 circa
938 2110 1130 2164 ludum
1172 2111 1332 2165 faber
1376 2130 1517 2167 unus
1563 2120 1620 2167 et
1665 2111 1866 2183 unguis

401 2197 675 2269 exprimet
717 2203 775 2250 et
816 2195 997 2251 mollis
1042 2194 1354 2249 imitabitur
1397 2214 1526 2251 aere
1569 2197 1826 2268 capillos,

400 2281 597 2337 infelix
642 2280 827 2354 operis
872 2298 1105 2348 summa,
1154 2280 1286 2351 quia
1331 2300 1542 2353 ponere
1583 2290 1767 2337 totum

400 2354 628 2421 nesciet.
712 2368 875 2432 hunc¹
904 2384 1011 2437 ego
1058 2384 1162 2434 me,
1210 2365 1396 2438 siquid
1441 2384 1758 2439 conponere
1803 2382 2012 2435 curem3

402 2470 513 2507 non
558 2451 733 2523 magis
778 2470 903 2505 esse
946 2450 1115 2506 velim
1161 2470 1326 2523 quam
1370 2470 1504 2507 naso
1551 2452 1738 2507 vivere
1781 2470 1954 2524 pravo

402 2539 767 2609 spectandum
808 2536 985 2607 nigris
1033 2537 1209 2591 oculis
1257 2537 1528 2609 nigroque
1573 2537 1800 2609 capillo·
1854 2581 1860 2589 .

401 2622 603 2677 sumite
635 2622 933 2677 'materiam
975 2622 1199 2690 vestris,
1245 2623 1342 2695 qui
1387 2623 1662 2691 scribitis,'
1697 2640 1931 2693 aequam

405 2707 636 2773 viribus,
682 2716 740 2761 et
780 2716 1003 2762 versate
1046 2706 1163 2774 diu,
1210 2709 1348 2780 quid
1389 2708 1536 2763 ferre
1575 2717 1866 2774 recusent‚.
1911 2704 1916 2711 ’

404 2792 541 2865 quid
584 2792 805 2847 valeant
848 2792 1044 2851 umeri.
1130 2793 1221 2847 eui
1263 2794 1408 2848 lecta
1452 2802 1713 2865 potenter
1755 2792 1864 2848 erit
1903 2810 2016 2862 res,

408 2896 513 2934 nec
552 2878 815 2933 facundia
858 2880 1081 2932 deseret
1123 2879 1273 2934 hunc
1315 2896 1420 2933 nec
1462 2878 1680 2933 lucidus
1725 2880 1886 2932 ordo·

403 2962 612 3017 ordinis
658 2964 797 3018 haec
838 2962 1015 3019 virtus
1060 2963 1169 3017 erit
1211 2974 1270 3018 et
1311 2982 1502 3031 venus,
1547 2974 1644 3017 aut
1689 2982 1798 3033 ego
1839 2962 2022 3030 fallor,

403 3056 466 3103 ut
507 3047 620 3103 iam
661 3062 807 3103 nunc
851 3048 1001 3103 dicat
1042 3048 1153 3102 iam
1196 3067 1348 3104 nunc
1390 3050 1652 3106 debent-ia
1697 3048 1826 3114 dici,

402 3134 668 3206 pleraque
711 3128 931 3188 differat
974 3143 1033 3189 et
1076 3151 1342 3204 praesens
1387 3134 1446 3189 in
1490 3142 1708 3207 tempus
1755 3120 1994 3189 omittat.

402 3218 461 3273 in
504 3219 689 3274 verbis
733 3218 903 3273 etiam
944 3219 1127 3275 tenuis
1173 3229 1479 3292 cautusque
1523 3218 1774 3275 serendis

401 3305 507 3358 hoc
550 3312 717 3370 amet,
763 3305 875 3357 hoc
917 3316 1144 3375 spernat
1187 3306 1449 3377 promissi
1493 3304 1748 3360 carminis
1792 3312 2004 3360 auctor:

404 3389 611 3443 dixeris
658 3389 901 3461 egregie,
946 3400 1143 3445 notum
1188 3391 1236 3445 si
1279 3390 1482 3445 callida
1525 3392 1754 3444 verbum

402 3473 712 3529 reddiderit
755 3473 1011 3529 iunctura
1053 3494 1274 3530 novum.
1362 3475 1410 3530 si
1451 3477 1598 3531 forte
1639 3491 1866 3529 necesse
1910 3484 2000 3531 est

402 3558 623 3615 indiciis
668 3569 979 3617 monstrare
1020 3560 1342 3617 recentibus
1387 3561 1580 3616 abdita
1620 3580 1824 3628 rerum,

2089 330 2226 397 24⁶
