2459 3959
938 335 1172 390 LIBER
1212 335 1289 391 11.
1340 341 1371 390 3
2017 327 2142 391 179

361 495 580 544 rectum
611 489 779 546 animi
808 490 1036 544 servas?
1068 507 1328 560 quorsum
1347 490 1374 542 Ῥ
1405 490 1629 544 insanus
1654 488 1789 562 quid
1818 487 1967 544 enim
1987 486 2139 544 Aiax

359 573 514 640 fecit,
559 592 684 629 cum
731 575 926 629 stravit
967 575 1114 629 ferro
1157 575 1370 646 pecus?
1415 575 1684 629 abstinuit
1727 574 1839 627 vim

361 677 540 714 uxore
583 669 641 714 et
684 669 880 732 gnato:
926 661 1070 714 mala
1110 660 1285 712 multa
1326 668 1581 732 precatus
1628 659 1861 724 Atridis,

297 785 300 788 -
364 762 479 799 non
524 743 620 799 ille
664 754 760 799 aut
803 747 1082 800 Teucrum
1125 753 1220 799 aut
1264 745 1443 816 ipsum
1490 745 1716 799 violavit
1760 745 1986 800 Vlixen.

189 833 316 886 205
367 827 578 884 ‘verum
624 847 728 901 ego
773 839 837 883 ut
880 829 1156 884 haerentis
1200 831 1435 886 adverso
1481 831 1643 884 litore
1688 830 1843 884 navis

364 915 637 987 eriperem
680 917 924 986 prudens
971 915 1185 987 placavi
1228 915 1495 988 sanguine
1540 916 1737 970 divos.'

364 1018 566 1072 nempe
610 1011 726 1064 tu0,
769 1001 994 1056 furiose.
1041 999 1201 1066 ‘me0,
1250 1003 1347 1054 sed
1392 1019 1502 1056 non
1548 1000 1827 1055 furiosus.'
1871 1027 1958 1038 --

373 1083 492 1158 ‘qui
535 1087 749 1156 species
795 1086 930 1140 alias
975 1085 1094 1141 veri
1139 1086 1479 1158 scelerisque
1522 1087 1763 1140 tumultu

366 1170 658 1243 permistas
703 1171 901 1243 capiet,
949 1179 1235 1226 conmotus
1280 1171 1591 1235 habebitur,
1638 1181 1803 1242 atque

197 1259 328 1312 210
378 1255 687 1311 stultitiane
731 1266 882 1311 erret
925 1255 1157 1310 nihilum
1202 1257 1433 1311 distabit
1474 1275 1546 1310 an
1588 1256 1687 1310 i'ra.

375 1341 525 1394 Aiax
567 1360 692 1396 cum
735 1341 1022 1396 inmeritos
1067 1341 1274 1396 occidit
1318 1342 1522 1412 desipit
1566 1352 1766 1413 agnos:

373 1445 498 1480 cum
541 1429 786 1498 prudens
831 1427 1010 1482 scelus
1055 1427 1128 1480 ob
1169 1428 1365 1481 titulos
1408 1427 1653 1481 admittis
1695 1425 1893 1489 inanis,

378 1521 491 1566 stas
537 1512 752 1578 anim0,
815 1520 873 1567 et
913 1530 1113 1583 purum
1156 1522 1243 1566 est
1285 1513 1421 1566 vitio
1464 1512 1603 1576 tibi,
1669 1529 1789 1566 cum
1836 1510 2106 1564 tumidum

1756 1604 1845 1652 est
1886 1595 2021 1651 cor‘?

379 1681 554 1753 siquis
599 1681 796 1736 lectica
838 1681 1072 1736 nitidam
1116 1691 1337 1755 gestare
1382 1688 1529 1736 amet
1573 1699 1787 1754 agnam,

205 1773 329 1823 215
377 1768 508 1821 huic
548 1775 779 1833 vestem,
825 1777 888 1820 ut
931 1776 1151 1839 gnatae,
1197 1775 1357 1838 paret
1401 1767 1642 1835 ancillas,
1688 1776 1848 1838 paret
1890 1785 2107 1834 aurum,

379 1851 581 1906 Rufam
625 1861 723 1906 aut
764 1853 1030 1906 Posillam
1074 1855 1319 1925 adpellet
1358 1853 1599 1924 fortique
1644 1853 1842 1906 marito

379 1938 624 1992 destinet
667 1955 914 2003 uxorem,
959 1938 1255 1993 interdicto
1299 1939 1427 1991 huic
1472 1956 1632 1992 omne
1676 1939 1883 1991 adimat
1925 1937 2010 1992 ius

382 2032 629 2098 praetor,
679 2031 737 2076 et
779 2025 849 2077 ad
894 2041 1054 2078 sanos
1099 2026 1263 2078 abeat
1305 2025 1482 2078 tutela
1521 2023 1881 2096 propinquos.

381 2109 558 2180 quid?
604 2107 776 2179 siquis
820 2117 1042 2178 gnatam
1085 2128 1187 2180 pro
1231 2116 1385 2163 muta
1428 2111 1663 2163 devovet
1707 2125 1866 2178 agna,

207 2197 335 2248 220
382 2193 603 2265 integer
647 2203 733 2248 est
776 2193 994 2248 animi?
1039 2213 1110 2248 ne
1156 2194 1379 2248 dixeris.
1428 2212 1561 2266 ergo
1603 2193 1699 2247 ubi
1745 2209 1916 2264 prava

383 2278 641 2342 stultitia,
688 2279 776 2333 hic
821 2295 1032 2333 summa
1075 2289 1161 2334 est
1203 2279 1445 2333 insania:
1492 2279 1586 2350 qui
1632 2278 1946 2344 sceleratus,

383 2372 441 2418 et
483 2363 723 2418 furiosus
769 2365 906 2418 erit:
953 2381 1119 2436 quem
1163 2365 1312 2436 cepit
1353 2364 1529 2418 vitrea
1568 2365 1733 2438 fama,

385 2449 534 2502 hunc
577 2448 972 2504 circumtonuit
1014 2451 1262 2521 gaudens
1306 2451 1540 2504 Bellona
1582 2448 1845 2504 cruentis.
1891 2479 1969 2489 --

389 2551 539 2588 nunc
582 2553 686 2606 age
729 2535 1006 2590 luxuriam
1051 2544 1108 2589 et
1147 2535 1559 2590 Nomentanum
1604 2537 1785 2608 arripe
1828 2551 2071 2588 mecum:

215 2624 338 2676 225
387 2619 572 2674 vincet
617 2620 762 2674 enim
809 2621 1007 2675 stultos
1050 2620 1194 2676 ratio
1239 2621 1481 2675 insanire
1526 2630 1774 2692 nepotes.

387 2705 478 2758 hic
523 2704 686 2758 simul
729 2706 938 2779 accepit
979 2707 1279 2778 patrimoni
1323 2707 1473 2761 mille
1517 2707 1742 2772 talenta,

395 2789 586 2855 edicit,
629 2791 874 2863 piscator
916 2791 1019 2856 uti,
1065 2793 1368 2863 pomariuS‚
1411 2810 1630 2862 auceps,

392 2877 792 2946 unguentarius
837 2895 902 2931 ac
945 2876 1117 2932 Tusci
1161 2881 1325 2932 turba
1366 2877 1517 2948 inpia
1560 2878 1688 2944 vici,

395 2963 522 3014 cum
565 2963 768 3016 scurris
811 2963 1001 3028 fartor,
1049 2981 1174 3017 cum
1222 2964 1463 3018 Velabro
1509 2981 1669 3016 omne
1714 2963 2001 3017 macellum

225 3051 348 3102 280
398 3063 562 3100 mane
583 3049 805 3102 domum
829 3047 1072 3102 veniant.
1117 3048 1251 3120 quid
1273 3047 1429 3102 tum?
1475 3057 1537 3100 ut
1579 3066 1779 3102 venere
1822 3049 2163 3120 frequent-ee,

395 3136 567 3185 verba
609 3133 742 3186 facit
785 3135 912 3187 leno
960 3131 1247 3207 ‘quidquid
1276 3132 1427 3197 mihi,
1474 3131 1743 3204 quidquid
1787 3143 1843 3187 et
1884 3135 2081 3187 horum

398 3217 598 3288 cuique
644 3219 790 3272 domi
835 3227 939 3287 est,
985 3220 1044 3272 id
1088 3221 1253 3274 crede
1296 3229 1452 3274 tuum
1496 3227 1553 3272 et
1596 3218 1685 3272 vel
1726 3237 1874 3272 nunc
1915 3228 2043 3291 pete
2077 3220 2169 3277 vel

1880 3305 2037 3360 cras.’

401 3389 590 3460 accipe
637 3388 771 3460 quid
816 3397 1007 3443 contra
1049 3389 1267 3445 iuvenis
1310 3389 1662 3462 responderit
1706 3407 1947 3462 aequus:

405 3472 484 3526 ‘in
529 3473 655 3528 nive
700 3475 923 3529 Lucana
969 3475 1174 3531 dormis
1220 3485 1489 3540 ocreatus,
1535 3485 1595 3528 ut
1641 3493 1835 3546 aprum

1636 3551 1760 3616 12*
