2459 3959
329 273 416 338 82
1095 281 1517 338 CARMLWM

456 432 827 489 contaminato
872 452 996 491 cum
1039 453 1208 506 grege
1252 435 1497 510 turpium

335 520 411 573 10
458 520 696 587 †morbo
739 520 1000 589 virorum,
1045 519 1319 592 quidlibet
1361 522 1619 595 inpotens

537 622 758 677 sperare
800 607 1134 678 fortunaque
1179 607 1327 660 dulci

624 691 790 745 ebria.
837 694 936 746 sed
979 692 1178 746 minuit
1219 693 1463 748 furorem

449 800 545 855 vix
587 820 699 856 una
741 820 927 875 sospes
972 802 1126 857 navis
1171 805 1241 857 ab
1286 803 1526 873 ignibus,

451 895 802 959 mentemque
846 889 1182 961 lymphatam
1228 890 1579 956 †Mareotico

329 977 401 1026 15
536 974 756 1044 redegit
799 973 855 1028 in
900 992 1061 1028 veros
1105 974 1334 1028 timores

620 1059 822 1114 Caesar
865 1061 934 1114 ab
978 1059 1142 1114 Italia
1185 1061 1460 1116 volantem

445 1167 611 1222 remis
656 1169 988 1241 adurguens,
1035 1169 1297 1241 accipiter
1337 1171 1491 1224 velut

445 1254 627 1308 mollis
673 1255 954 1329 columbas
999 1264 1095 1309 aut
1135 1255 1385 1326 leporem
1430 1256 1573 1310 citus

531 1348 764 1395 venator
802 1341 861 1394 in
906 1341 1110 1414 campis
1156 1341 1353 1394 nivalis

321 1430 397 1481 20
613 1425 910 1496 Paeoniae,
956 1427 1114 1481 daret
1157 1434 1219 1480 ut
1264 1425 1468 1480 catenis

443 1536 614 1591 fatale
658 1546 988 1593 monstrum.
1036 1555 1178 1609 quae
1221 1537 1543 1608 generosius

439 1623 625 1695 perire
670 1641 938 1694 quaerens
981 1641 1084 1678 nec
1125 1621 1470 1677 muliebriter

533 1707 761 1780 expavit
805 1727 993 1763 ensem
1037 1727 1140 1763 nec
1183 1709 1409 1763 latentis

612 1792 908 1848 sollicitare
951 1794 1169 1865 paravit
1211 1813 1361 1862 oras,

317 1908 390 1958 25
437 1920 572 1958 ausa
614 1912 672 1959 et
713 1904 986 1960 iacentem
1028 1904 1206 1958 visere
1253 1903 1464 1976 regiam

441 1990 597 2044 voltu
642 2007 856 2058 serem,
901 1989 1062 2046 fortis
1106 1998 1165 2045 et
1207 2007 1433 2062 asperas

526 2084 765 2130 tractare
811 2076 1097 2148 serpentis,
1142 2084 1205 2130 ut
1250 2084 1425 2129 atrum

606 2179 834 2234 corpore
881 2161 1203 2217 conbiberet
1244 2179 1536 2230 venenum,

434 2271 739 2327 deliberata
780 2279 954 2326 morte
997 2272 1260 2327 ferocior:

311 2359 386 2411 80
435 2357 613 2412 saevis
655 2357 918 2412 Liburnis
965 2358 1179 2413 scilicet
1218 2357 1474 2414 invidens

511 2442 733 2515 privata
776 2443 977 2497 deduci
1020 2445 1258 2516 superbo

599 2545 710 2582 non
755 2528 977 2583 humilis
1021 2529 1222 2584 mulier
1264 2529 1562 2602 triumpho.

1111 2759 1437 2816 XXXVIII

423 2867 676 2924 Persicos
719 2869 830 2938 odi,
874 2887 1031 2942 puer,
1077 2871 1403 2941 adparatus;

425 2953 723 3027 displicent
765 2973 945 3011 nexae
988 2955 1205 3028 philyra
1247 2974 1510 3012 coronae:

425 3041 587 3094 mitte
630 3041 848 3110 sectari,
895 3059 1024 3096 rosa
1067 3059 1177 3114 quo
1222 3042 1468 3096 locorum

449 3119 454 3122 ¹
511 3144 634 3182 sera
676 3135 942 3182 moretur.

340 3257 374 3308 5
423 3254 659 3327 simplici
700 3262 883 3326 myrto
927 3255 1062 3311 nihil
1107 3257 1399 3311 adlabores

421 3342 663 3409 sedulus,
708 3358 872 3395 curo:
919 3360 1100 3414 neque
1142 3349 1200 3396 te
1244 3342 1553 3397 ministrum

423 3427 654 3482 dedecet
697 3435 907 3497 myrtus
952 3445 1132 3500 neque
1175 3445 1265 3482 me
1310 3429 1411 3481 sub
1456 3423 1607 3482 arta*

507 3512 622 3568 vite
665 3511 964 3570 bibentem.
