2459 3959
217 593 298 642 15

214 1080 298 1132 20

215 1632 292 1681 25

215 2116 296 2169 30

217 2605 292 2655 35

214 3096 288 3144 40

918 264 1065 321 LIB.
1111 265 1157 320 I.
1209 274 1235 319 1
1250 270 1406 319 0-1
1422 269 1453 315 2

360 418 500 489 quid
542 418 696 490 prius
743 418 918 473 dicam
974 418 1151 473 solitis
1195 420 1442 491 parentis

354 504 656 558 laudibus?
703 504 798 575 qui
841 522 929 557 res
973 504 1253 558 hominum
1298 524 1361 559 ac
1402 506 1653 571 deorum,

356 590 452 659 qui
495 608 646 644 mare
693 599 751 643 et
792 597 967 643 terras
1011 588 1287 661 variisque
1332 593 1597 644 mundum

441 664 720 747 temperat*
756 674 932 741 horis;

357 823 508 876 unde
551 820 633 875 nil
675 820 848 875 maius
894 830 1192 892 generatur
1228 822 1369 892 ipsc,

354 924 460 961 nec
486 907 641 979 viget
670 906 962 977 quicquam
995 907 1169 961 simile
1202 918 1298 961 aut
1329 906 1648 963 secundum.

351 992 635 1067 proximos
677 992 762 1046 illi
805 1000 990 1046 tamen
1033 992 1325 1064 occupavit.

435 1078 622 1131 Pallas
667 1078 906 1131 honores

347 1222 574 1295 proeliis
620 1224 837 1276 audax:
882 1240 1064 1294 neque
1107 1230 1164 1277 te
1209 1224 1403 1291 silebO,

349 1309 543 1377 Liber,
591 1316 648 1362 et
691 1308 866 1362 saevis
912 1306 1132 1362 inimica
1171 1308 1332 1379 virgo

348 1393 545 1462 beluis,
592 1410 697 1447 nec
739 1401 814 1459 te,
860 1395 1157 1449 metuende
1202 1401 1355 1448 certa

432 1479 658 1534 Phoebe
703 1478 923 1551 sagitta.

347 1624 526 1679 dicam
569 1632 629 1679 et
671 1624 904 1678 Alciden
949 1642 1261 1697 puerosque
1306 1624 1512 1692 Ledae,

345 1712 492 1764 hunc
536 1710 713 1782 equis,
755 1710 909 1763 illum
955 1728 1214 1780 superare
1259 1710 1458 1782 pugnis

343 1795 620 1863 nobilem3
670 1814 902 1867 quorum
947 1795 1108 1849 simul
1152 1796 1281 1849 alba
1325 1796 1505 1851 nautis

433 1881 592 1935 stella
634 1881 866 1949 refulsit,

345 2026 538 2081 defluit
581 2026 727 2081 saxis
771 2028 1009 2098 agitatus
1053 2045 1228 2093 umor,

348 2113 647 2167 concidunt
691 2113 846 2167 venti
888 2112 1219 2184 fugiuntque
1264 2112 1457 2179 nubes,

342 2205 401 2254 et
441 2198 648 2265 minax,
695 2217 818 2252 eum
861 2198 941 2252 sic
985 2199 1228 2265 voluere,
1272 2206 1444 2269 ponto

430 2285 582 2337 unda.
623 2283 910 2341 recumbit.

340 2428 636 2482 Romulum
668 2437 794 2499 post
837 2430 939 2483 hos
983 2427 1136 2500 prius
1181 2446 1253 2481 an
1296 2426 1544 2497 quietum

339 2515 582 2586 Pompili
625 2533 854 2584 regnum
899 2532 1227 2581 memorem,
1273 2530 1341 2565 an
1386 2511 1651 2583 superbos

341 2598 614 2671 Tarquini
656 2600 837 2667 fascis,
894 2600 1110 2668 dubito,
1164 2616 1235 2652 an
1285 2598 1539 2661 Catonis!

429 2684 616 2755 nobile
665 2685 856 2738 letum.

336 2833 610 2902 Regulum
655 2840 711 2887 et
755 2833 784 2899 †
831 2832 1068 2888 Scauros
1114 2833 1441 2905 animaeque
1487 2849 1719 2903 magnae

338 2919 632 2990 prodigum
677 2919 868 2984 Poeno
914 2929 1204 2990 superante
1242 2920 1497 2973 Paullum

336 3014 524 3077 gratus
570 3003 772 3075 insigni
820 3005 1056 3058 referam
1100 3022 1323 3058 camena

421 3088 862 3161 Fabriciumquc.

336 3235 482 3291 hunc
526 3245 582 3291 et
623 3236 917 3307 incomptis
959 3235 1182 3307 Curium
1227 3233 1439 3307 capillis
1504 3218 1521 3237 ⁵

338 3323 532 3377 utilem
575 3322 724 3376 bello
768 3322 897 3375 tulit
938 3332 994 3374 et
1040 3319 1329 3375 Camillum

339 3426 502 3463 saeva
547 3418 842 3481 paupertas
889 3416 945 3461 et
987 3406 1166 3460 avitus
1209 3414 1331 3459 arto

426 3491 550 3548 cum
594 3492 706 3547 lare
749 3493 980 3559 fundus;

2094 252 2173 315 13
