2459 3959
1029 213 1264 268 LIBER
1305 213 1350 266 Ι.
1411 219 1445 266 4
2118 205 2238 270 151

450 366 606 436 fecit,
653 373 710 422 et
753 366 1044 423 incolumis
1088 367 1269 432 laetor
1311 366 1462 437 quod
1504 363 1649 418 vivit
1690 364 1749 419 in
1791 365 1963 432 urbe3

461 454 563 508 sed
605 460 792 508 tamen
837 452 1082 509 admiror
1125 468 1236 524 quo
1280 458 1445 524 paeto
1490 449 1755 506 iudicium
1799 451 1940 506 illud

257 543 402 596 100
456 538 702 610 fugerit)
747 537 838 592 hie
883 537 1075 610 nigrae
1119 554 1281 590 sucus
1326 535 1590 607 loliginis,
1634 537 1774 590 haee
1817 544 1904 591 est

459 642 668 696 aerugo
711 633 907 678 mera·
956 625 1108 721 quod
1149 621 1349 676 vitium
1391 621 1589 694 procul
1633 622 1785 676 afore
1831 623 2053 693 chartis,

457 717 628 780 atque
671 699 856 762 animo
899 709 1076 782 prius,
1120 717 1186 761 ut
1229 706 1413 780 siquid
1457 706 1784 780 promittere
1829 709 1898 762 de
1942 727 2031 764 me

455 813 685 868 possum
729 794 885 848 aliud
949 811 1100 860 vere,
1145 791 1430 866 promitto.
1475 791 1702 847 liberius
1750 791 1797 846 si

456 880 654 935 dixero
698 879 850 952 quid,
898 879 945 934 si
989 880 1132 933 forte
1175 877 1438 943 iocosiuS,
1483 879 1588 932 hoc
1630 877 1766 932 mihi
1808 877 1943 932 iuris

273 973 404 1030 105
455 982 584 1019 cum
627 965 789 1020 venia
832 965 1018 1020 dabis:
1063 961 1309 1018 insuevit
1350 971 1512 1035 pater
1558 964 1798 1036 optimus
1844 966 1948 1018 hoc
1991 983 2098 1032 me,

454 1058 520 1104 ut
561 1050 812 1122 fugerem
858 1049 1128 1122 exemplis
1173 1049 1433 1102 vitiorum
1479 1067 1732 1121 quaeque
1776 1051 2043 1104 notando.

457 1152 584 1189 oum
627 1153 712 1190 me
755 1135 1090 1203 hortaretur,
1134 1151 1301 1206 parce
1345 1134 1637 1206 frugaliter
1680 1143 1847 1206 atque

455 1221 700 1275 viverem
743 1219 826 1273 uti
872 1228 1162 1275 contentus
1207 1237 1295 1286 e0,
1341 1221 1493 1298 quod
1536 1219 1609 1272 mi
1655 1219 1775 1292 ipse
1818 1228 2091 1291 parasset,

459 1303 666 1360 ‘nonne
711 1306 888 1372 vides,
933 1305 1068 1361 Albi
1111 1313 1174 1358 ut
1216 1305 1359 1358 male
1403 1305 1554 1358 vivat
1598 1305 1762 1372 filius,
1808 1312 1982 1376 utque

287 1397 408 1450 110
459 1389 637 1445 Barus
681 1390 884 1464 inops?
928 1408 1187 1462 magnum
1232 1390 1645 1456 documentum,
1690 1407 1762 1444 ne
1803 1390 2040 1461 patriam
2081 1408 2201 1445 rem

463 1476 700 1548 perdere
745 1476 868 1548 quis
913 1475 1109 1542 velit3’
1155 1493 1188 1528 a
1231 1474 1385 1546 turpi
1428 1473 1737 1528 meretricis
1783 1493 1969 1530 amore

462 1579 586 1616 cum
628 1562 952 1628 deterreret,
999 1559 1244 1616 ‘Scetani
1289 1559 1569 1614 dissimilis
1616 1559 1688 1614 is
1704 1559 1735 1613 :’

460 1665 532 1702 ne
575 1664 839 1718 sequerer
881 1647 1160 1712 moechas,
1207 1661 1470 1700 concessa
1514 1663 1637 1699 cum
1682 1664 1886 1701 venere
1930 1647 2015 1702 uti

461 1750 700 1804 possem,
750 1728 1028 1804 ‘deprensi
1071 1749 1184 1787 non
1227 1729 1375 1786 bella
1420 1738 1505 1784 est
1546 1731 1692 1784 fama
1736 1733 1999 1788 Treboni'

296 1823 418 1877 115
471 1817 693 1871 aiebat:
742 1813 1005 1890 ‘sapiens,
1051 1815 1228 1870 vitatu
1273 1816 1519 1887 quidque
1561 1817 1745 1887 petitu

470 1902 544 1956 sit
585 1901 802 1970 melius,
848 1921 1068 1959 caussas
1112 1902 1312 1956 reddet
1353 1901 1477 1956 tibi.
1526 1901 1603 1955 mi
1646 1902 1781 1957 satis
1826 1911 1933 1970 est,
1981 1901 2027 1957 si

469 1987 734 2042 traditum
777 1989 846 2042 ab
892 1986 1134 2060 antiquis
1178 2005 1387 2041 morem
1434 2004 1653 2041 servare
1696 1996 1980 2058 tuamque,

473 2074 607 2126 dum
651 2074 898 2128 custodis
944 2092 1094 2144 egee,
1140 2072 1311 2126 vitam
1355 2073 1668 2146 famamque
1710 2072 1858 2126 tueri

473 2157 809 2214 incolumem
851 2177 1110 2231 possum:
1156 2156 1320 2211 simul
1366 2175 1429 2210 ac
1472 2157 1755 2211 duraverit
1798 2165 1949 2211 aetas

298 2245 422 2303 120
469 2244 716 2297 membra
758 2243 1108 2316 animumque
1153 2251 1328 2309 tuum,
1374 2243 1531 2298 nabis
1579 2242 1697 2296 sine
1743 2235 1989 2298 cortice.'
2034 2241 2114 2298 sic
2158 2260 2246 2300 me

468 2329 740 2383 formabat
781 2348 1017 2400 puerum
1061 2327 1244 2394 dictis,
1292 2336 1351 2381 et
1394 2326 1509 2382 sive
1554 2327 1785 2383 iubebat

469 2420 532 2467 ut
575 2413 813 2470 facerem
858 2414 1009 2486 quid,
1056 2413 1245 2468 ‘habes
1291 2421 1587 2482 auctorem,
1634 2432 1743 2485 quo
1788 2415 1958 2470 facias
2002 2405 2149 2482 hoe,’

473 2517 646 2554 unum
692 2517 763 2554 ex
807 2499 1082 2554 iudicibus
1129 2496 1350 2554 selectis
1397 2497 1689 2568 obiciebat,

477 2585 594 2640 sive
638 2586 882 2652 vetabat,
931 2582 1023 2638 ‘an
1065 2585 1169 2638 hoc
1211 2584 1565 2638 inhonestum
1610 2594 1667 2639 et
1708 2585 1907 2640 inutile
1951 2585 2102 2640 factu

310 2675 426 2726 125
475 2689 649 2726 necne
694 2669 782 2738 sit,
827 2669 1139 2736 addubites,
1184 2671 1384 2741 flagret
1426 2689 1647 2724 rumore
1692 2671 1839 2724 malo
1882 2689 2006 2725 cum

475 2755 566 2810 hic
610 2764 774 2827 atque
815 2755 911 2810 ille
925 2755 970 2808 ’θ’
1015 2754 1206 2809 avidos
1251 2755 1493 2809 vicinum
1536 2757 1699 2810 funus
1744 2764 1807 2810 ut
1851 2774 2045 2827 aegros

475 2841 756 2896 exanimat
796 2840 1100 2912 mortisque
1147 2847 1299 2895 metu
1344 2841 1452 2894 sibi
1494 2859 1722 2912 parcere
1768 2841 1935 2912 cogit,

477 2925 556 2981 sic
597 2934 818 2981 teneros
863 2927 1073 2980 animos
1120 2925 1303 2980 aliena
1347 2925 1648 2998 opprobria
1690 2943 1857 2999 saepe

479 3013 792 3065 absterrent
833 3010 1005 3066 vitiis.
1081 3028 1152 3065 ex
1196 3011 1303 3065 hoc
1347 3029 1451 3082 ego
1498 3030 1663 3065 sanus
1709 3013 1777 3065 ab
1821 3009 1955 3078 illis,

299 3103 418 3152 130
467 3095 770 3168 perniciem
813 3113 1173 3168 quaecunque
1215 3096 1421 3163 ferunt,
1467 3096 1838 3150 mediocribus
1884 3104 1941 3150 et
1984 3113 2060 3168 qu
2076 3095 2124 3150 is

464 3180 717 3252 ignoscas
760 3181 910 3237 vitiis
955 3189 1170 3236 teneor.
1216 3181 1467 3235 fortassis
1513 3190 1569 3236 et
1613 3181 1776 3236 istinc

475 3267 709 3338 largiter
752 3267 1046 3322 abstulerit
1090 3266 1258 3338 longa
1302 3274 1473 3333 aetas,
1520 3265 1661 3320 liber
1706 3266 1930 3335 amicus,

463 3351 751 3407 consilium
793 3352 1098 3424 proprium.
1147 3370 1329 3424 neque
1376 3353 1542 3418 enim,
1594 3369 1719 3407 cum
1762 3353 1997 3408 lectulus
2031 3361 2127 3408 aut
2155 3370 2245 3408 me

463 3436 712 3512 porticus
759 3437 998 3509 excepit,
1045 3439 1240 3493 desum
1284 3437 1441 3496 mihi.
1490 3435 1717 3493 ‘rectius
1764 3440 1870 3494 hoc
1918 3447 2025 3494 est.
