<?xml version="1.0" encoding="UTF-8"?>
<!DOCTYPE html PUBLIC "-//W3C//DTD XHTML 1.0 Transitional//EN"
    "http://www.w3.org/TR/xhtml1/DTD/xhtml1-transitional.dtd">
<html xmlns="http://www.w3.org/1999/xhtml" xml:lang="en" lang="en">
 <head>
  <title>
</title>
<meta http-equiv="Content-Type" content="text/html;charset=utf-8" />
  <meta name='ocr-system' content='tesseract 3.04.00' />
  <meta name='ocr-capabilities' content='ocr_page ocr_carea ocr_par ocr_line ocrx_word'/>
</head>
<body>
  <div class='ocr_page' id='page_1' title='image "./qhoratiusflaccu00linkgoog_0206.png"; bbox 0 0 2459 3959; ppageno 0'>
   <div class='ocr_carea' id='block_1_1' title="bbox 305 289 1518 355">
    <p class='ocr_par' dir='ltr' id='par_1_1' title="bbox 305 289 1518 355">
     <span class='ocr_line' id='line_1_1' title="bbox 305 289 1518 355; baseline 0 -2"><span class='ocrx_word' id='word_1_1' title='bbox 305 289 433 355; x_wconf 79' lang='lat'><strong>146</strong></span> <span class='ocrx_word' id='word_1_2' title='bbox 1060 297 1518 353; x_wconf 86' lang='lat' dir='ltr'><strong>SATIRARVM</strong></span> 
     </span>
    </p>
   </div>
   <div class='ocr_carea' id='block_1_2' title="bbox 357 451 2291 3601">
    <p class='ocr_par' dir='ltr' id='par_1_2' title="bbox 480 451 1904 525">
     <span class='ocr_line' id='line_1_2' title="bbox 480 451 1904 525; baseline -0.001 -17"><span class='ocrx_word' id='word_1_3' title='bbox 480 452 711 508; x_wconf 89' lang='lat' dir='ltr'><strong>insidias</strong></span> <span class='ocrx_word' id='word_1_4' title='bbox 754 451 1006 523; x_wconf 85' lang='lat' dir='ltr'><strong>nullique</strong></span> <span class='ocrx_word' id='word_1_5' title='bbox 1049 453 1196 507; x_wconf 85' lang='lat' dir='ltr'><strong>malo</strong></span> <span class='ocrx_word' id='word_1_6' title='bbox 1242 452 1387 507; x_wconf 82' lang='lat' dir='ltr'><strong>latus</strong></span> <span class='ocrx_word' id='word_1_7' title='bbox 1432 452 1591 508; x_wconf 87' lang='lat' dir='ltr'><strong>obdit</strong></span> <span class='ocrx_word' id='word_1_8' title='bbox 1634 459 1904 525; x_wconf 84' lang='lat' dir='ltr'><strong>apertum,</strong></span> 
     </span>
    </p>

    <p class='ocr_par' dir='ltr' id='par_1_3' title="bbox 357 537 2091 952">
     <span class='ocr_line' id='line_1_3' title="bbox 357 537 2033 612; baseline -0.001 -17"><span class='ocrx_word' id='word_1_9' title='bbox 357 545 432 595; x_wconf 81' lang='lat'><strong>60</strong></span> <span class='ocrx_word' id='word_1_10' title='bbox 481 557 605 594; x_wconf 89' lang='lat' dir='ltr'><strong>cum</strong></span> <span class='ocrx_word' id='word_1_11' title='bbox 648 556 825 612; x_wconf 83' lang='lat' dir='ltr'><strong>genus</strong></span> <span class='ocrx_word' id='word_1_12' title='bbox 869 538 976 592; x_wconf 88' lang='lat' dir='ltr'><strong>hoc</strong></span> <span class='ocrx_word' id='word_1_13' title='bbox 1019 537 1167 592; x_wconf 87' lang='lat' dir='ltr'><strong>inter</strong></span> <span class='ocrx_word' id='word_1_14' title='bbox 1208 537 1360 592; x_wconf 80' lang='lat' dir='ltr'><strong>vitae</strong></span> <span class='ocrx_word' id='word_1_15' title='bbox 1403 556 1709 606; x_wconf 77' lang='lat' dir='ltr'><strong>versemur,</strong></span> <span class='ocrx_word' id='word_1_16' title='bbox 1752 537 1850 592; x_wconf 90' lang='lat' dir='ltr'><strong>ubi</strong></span> <span class='ocrx_word' id='word_1_17' title='bbox 1892 537 2033 594; x_wconf 85' lang='lat' dir='ltr'><strong>acris</strong></span> 
     </span>
     <span class='ocr_line' id='line_1_4' title="bbox 475 622 2091 696; baseline -0.001 -16"><span class='ocrx_word' id='word_1_18' title='bbox 475 624 688 680; x_wconf 84' lang='lat' dir='ltr'><strong>invidia</strong></span> <span class='ocrx_word' id='word_1_19' title='bbox 735 629 904 694; x_wconf 88' lang='lat' dir='ltr'><strong>atque</strong></span> <span class='ocrx_word' id='word_1_20' title='bbox 953 622 1140 694; x_wconf 85' lang='lat' dir='ltr'><strong>vigent</strong></span> <span class='ocrx_word' id='word_1_21' title='bbox 1182 622 1281 677; x_wconf 87' lang='lat' dir='ltr'><strong>ubi</strong></span> <span class='ocrx_word' id='word_1_22' title='bbox 1325 622 1585 678; x_wconf 82' lang='lat' dir='ltr'><strong>crimina:</strong></span> <span class='ocrx_word' id='word_1_23' title='bbox 1630 643 1734 696; x_wconf 88' lang='lat' dir='ltr'><strong>pro</strong></span> <span class='ocrx_word' id='word_1_24' title='bbox 1777 624 1919 678; x_wconf 87' lang='lat' dir='ltr'><strong>bene</strong></span> <span class='ocrx_word' id='word_1_25' title='bbox 1950 641 2091 680; x_wconf 83' lang='lat' dir='ltr'><strong>sano</strong></span> 
     </span>
     <span class='ocr_line' id='line_1_5' title="bbox 480 707 1928 782; baseline -0.001 -17"><span class='ocrx_word' id='word_1_26' title='bbox 480 727 546 766; x_wconf 81' lang='lat' dir='ltr'><strong>ac</strong></span> <span class='ocrx_word' id='word_1_27' title='bbox 590 728 704 764; x_wconf 88' lang='lat' dir='ltr'><strong>non</strong></span> <span class='ocrx_word' id='word_1_28' title='bbox 748 707 972 763; x_wconf 83' lang='lat' dir='ltr'><strong>incauto</strong></span> <span class='ocrx_word' id='word_1_29' title='bbox 1017 709 1204 763; x_wconf 90' lang='lat' dir='ltr'><strong>fictum</strong></span> <span class='ocrx_word' id='word_1_30' title='bbox 1250 717 1607 782; x_wconf 83' lang='lat' dir='ltr'><strong>astutumque</strong></span> <span class='ocrx_word' id='word_1_31' title='bbox 1650 727 1928 765; x_wconf 81' lang='lat' dir='ltr'><strong>vocamus.</strong></span> 
     </span>
     <span class='ocr_line' id='line_1_6' title="bbox 478 793 2069 868; baseline -0.001 -18"><span class='ocrx_word' id='word_1_32' title='bbox 478 794 784 868; x_wconf 74' lang='lat' dir='ltr'><strong>simplicior</strong></span> <span class='ocrx_word' id='word_1_33' title='bbox 829 795 952 867; x_wconf 90' lang='lat' dir='ltr'><strong>quis</strong></span> <span class='ocrx_word' id='word_1_34' title='bbox 999 802 1055 848; x_wconf 83' lang='lat' dir='ltr'><strong>et</strong></span> <span class='ocrx_word' id='word_1_35' title='bbox 1099 801 1186 849; x_wconf 89' lang='lat' dir='ltr'><strong>est</strong></span> <span class='ocrx_word' id='word_1_36' title='bbox 1229 795 1450 866; x_wconf 87' lang='lat' dir='ltr'><strong>qualem</strong></span> <span class='ocrx_word' id='word_1_37' title='bbox 1492 812 1583 849; x_wconf 90' lang='lat' dir='ltr'><strong>me</strong></span> <span class='ocrx_word' id='word_1_38' title='bbox 1627 811 1793 868; x_wconf 87' lang='lat' dir='ltr'><strong>saepe</strong></span> <span class='ocrx_word' id='word_1_39' title='bbox 1836 793 2069 850; x_wconf 85' lang='lat' dir='ltr'><strong>licenter</strong></span> 
     </span>
     <span class='ocr_line' id='line_1_7' title="bbox 481 878 1929 952; baseline 0 -17"><span class='ocrx_word' id='word_1_40' title='bbox 481 878 778 936; x_wconf 82' lang='lat' dir='ltr'><strong>obtulerim</strong></span> <span class='ocrx_word' id='word_1_41' title='bbox 823 879 946 946; x_wconf 87' lang='lat' dir='ltr'><strong>tibi,</strong></span> <span class='ocrx_word' id='word_1_42' title='bbox 989 879 1310 946; x_wconf 80' lang='lat' dir='ltr'><strong>Maecenas,</strong></span> <span class='ocrx_word' id='word_1_43' title='bbox 1356 888 1418 934; x_wconf 91' lang='lat' dir='ltr'><strong>ut</strong></span> <span class='ocrx_word' id='word_1_44' title='bbox 1459 880 1604 934; x_wconf 82' lang='lat' dir='ltr'><strong>forte</strong></span> <span class='ocrx_word' id='word_1_45' title='bbox 1648 880 1929 952; x_wconf 86' lang='lat' dir='ltr'><strong>legentem</strong></span> 
     </span>
    </p>

    <p class='ocr_par' dir='ltr' id='par_1_4' title="bbox 359 962 2291 1379">
     <span class='ocr_line' id='line_1_8' title="bbox 359 962 2055 1037; baseline 0 -17"><span class='ocrx_word' id='word_1_46' title='bbox 359 971 432 1020; x_wconf 86' lang='lat'><strong>6⁵</strong></span> <span class='ocrx_word' id='word_1_47' title='bbox 482 973 578 1021; x_wconf 88' lang='lat' dir='ltr'><strong>aut</strong></span> <span class='ocrx_word' id='word_1_48' title='bbox 621 966 854 1020; x_wconf 78' lang='lat' dir='ltr'><strong>tacitum</strong></span> <span class='ocrx_word' id='word_1_49' title='bbox 896 965 1134 1037; x_wconf 79' lang='lat' dir='ltr'><strong>inpellat</strong></span> <span class='ocrx_word' id='word_1_50' title='bbox 1176 965 1375 1037; x_wconf 88' lang='lat' dir='ltr'><strong>quovis</strong></span> <span class='ocrx_word' id='word_1_51' title='bbox 1420 983 1705 1020; x_wconf 76' lang='lat' dir='ltr'><strong>sermone:</strong></span> <span class='ocrx_word' id='word_1_52' title='bbox 1753 962 2055 1033; x_wconf 83' lang='lat' dir='ltr'><strong>‘molestus,</strong></span> 
     </span>
     <span class='ocr_line' id='line_1_9' title="bbox 480 1042 1965 1123; baseline -0.001 -18"><span class='ocrx_word' id='word_1_53' title='bbox 480 1050 758 1106; x_wconf 86' lang='lat' dir='ltr'><strong>communi</strong></span> <span class='ocrx_word' id='word_1_54' title='bbox 802 1069 968 1105; x_wconf 84' lang='lat' dir='ltr'><strong>sensu</strong></span> <span class='ocrx_word' id='word_1_55' title='bbox 1010 1051 1176 1122; x_wconf 86' lang='lat' dir='ltr'><strong>plane</strong></span> <span class='ocrx_word' id='word_1_56' title='bbox 1221 1042 1393 1106; x_wconf 85' lang='lat' dir='ltr'><strong>caret’</strong></span> <span class='ocrx_word' id='word_1_57' title='bbox 1438 1050 1735 1123; x_wconf 84' lang='lat' dir='ltr'><strong>inquimus.</strong></span> <span class='ocrx_word' id='word_1_58' title='bbox 1825 1051 1965 1106; x_wconf 88' lang='lat' dir='ltr'><strong>eheu</strong></span> 
     </span>
     <span class='ocr_line' id='line_1_10' title="bbox 480 1135 2127 1210; baseline 0 -20"><span class='ocrx_word' id='word_1_59' title='bbox 480 1156 644 1210; x_wconf 80' lang='lat' dir='ltr'><strong>quam</strong></span> <span class='ocrx_word' id='word_1_60' title='bbox 687 1143 895 1192; x_wconf 87' lang='lat' dir='ltr'><strong>temere</strong></span> <span class='ocrx_word' id='word_1_61' title='bbox 938 1135 998 1189; x_wconf 88' lang='lat' dir='ltr'><strong>in</strong></span> <span class='ocrx_word' id='word_1_62' title='bbox 1042 1142 1259 1190; x_wconf 89' lang='lat' dir='ltr'><strong>nosmet</strong></span> <span class='ocrx_word' id='word_1_63' title='bbox 1301 1136 1482 1207; x_wconf 86' lang='lat' dir='ltr'><strong>legem</strong></span> <span class='ocrx_word' id='word_1_64' title='bbox 1528 1136 1800 1192; x_wconf 76' lang='lat' dir='ltr'><strong>sancimus</strong></span> <span class='ocrx_word' id='word_1_65' title='bbox 1843 1135 2127 1208; x_wconf 80' lang='lat' dir='ltr'><strong>iniquam!</strong></span> 
     </span>
     <span class='ocr_line' id='line_1_11' title="bbox 479 1220 2068 1293; baseline 0 -17"><span class='ocrx_word' id='word_1_66' title='bbox 479 1240 606 1276; x_wconf 81' lang='lat' dir='ltr'><strong>nam</strong></span> <span class='ocrx_word' id='word_1_67' title='bbox 649 1221 800 1276; x_wconf 79' lang='lat' dir='ltr'><strong>vitiis</strong></span> <span class='ocrx_word' id='word_1_68' title='bbox 845 1239 1006 1276; x_wconf 86' lang='lat' dir='ltr'><strong>nemo</strong></span> <span class='ocrx_word' id='word_1_69' title='bbox 1053 1220 1172 1275; x_wconf 87' lang='lat' dir='ltr'><strong>sine</strong></span> <span class='ocrx_word' id='word_1_70' title='bbox 1215 1221 1489 1276; x_wconf 86' lang='lat' dir='ltr'><strong>nascitur:</strong></span> <span class='ocrx_word' id='word_1_71' title='bbox 1537 1221 1779 1293; x_wconf 85' lang='lat' dir='ltr'><strong>optimus</strong></span> <span class='ocrx_word' id='word_1_72' title='bbox 1822 1221 1919 1276; x_wconf 88' lang='lat' dir='ltr'><strong>ille</strong></span> <span class='ocrx_word' id='word_1_73' title='bbox 1962 1229 2068 1288; x_wconf 86' lang='lat' dir='ltr'><strong>est,</strong></span> 
     </span>
     <span class='ocr_line' id='line_1_12' title="bbox 484 1303 2291 1379; baseline 0.002 -18"><span class='ocrx_word' id='word_1_74' title='bbox 484 1307 580 1379; x_wconf 87' lang='lat' dir='ltr'><strong>qui</strong></span> <span class='ocrx_word' id='word_1_75' title='bbox 623 1303 863 1360; x_wconf 89' lang='lat' dir='ltr'><strong>minimis</strong></span> <span class='ocrx_word' id='word_1_76' title='bbox 909 1315 1198 1377; x_wconf 85' lang='lat' dir='ltr'><strong>urguetur.</strong></span> <span class='ocrx_word' id='word_1_77' title='bbox 1276 1306 1483 1361; x_wconf 85' lang='lat' dir='ltr'><strong>amicus</strong></span> <span class='ocrx_word' id='word_1_78' title='bbox 1528 1306 1728 1375; x_wconf 88' lang='lat' dir='ltr'><strong>dulcis,</strong></span> <span class='ocrx_word' id='word_1_79' title='bbox 1772 1314 1836 1362; x_wconf 89' lang='lat' dir='ltr'><strong>ut</strong></span> <span class='ocrx_word' id='word_1_80' title='bbox 1876 1324 2124 1379; x_wconf 83' lang='lat' dir='ltr'><strong>aequum</strong></span> <span class='ocrx_word' id='word_1_81' title='bbox 2176 1316 2291 1378; x_wconf 83' lang='lat' dir='ltr'><strong>est,</strong></span> 
     </span>
    </p>

    <p class='ocr_par' dir='ltr' id='par_1_5' title="bbox 362 1391 2047 1806">
     <span class='ocr_line' id='line_1_13' title="bbox 362 1391 2047 1464; baseline -0.001 -17"><span class='ocrx_word' id='word_1_82' title='bbox 362 1393 438 1447; x_wconf 80' lang='lat'><strong>⁷0</strong></span> <span class='ocrx_word' id='word_1_83' title='bbox 485 1411 609 1448; x_wconf 90' lang='lat' dir='ltr'><strong>cum</strong></span> <span class='ocrx_word' id='word_1_84' title='bbox 653 1411 778 1446; x_wconf 85' lang='lat' dir='ltr'><strong>mea</strong></span> <span class='ocrx_word' id='word_1_85' title='bbox 823 1399 1125 1464; x_wconf 77' lang='lat' dir='ltr'><strong>conpenset</strong></span> <span class='ocrx_word' id='word_1_86' title='bbox 1165 1391 1319 1445; x_wconf 82' lang='lat' dir='ltr'><strong>vitiis</strong></span> <span class='ocrx_word' id='word_1_87' title='bbox 1362 1393 1527 1461; x_wconf 84' lang='lat' dir='ltr'><strong>bona,</strong></span> <span class='ocrx_word' id='word_1_88' title='bbox 1572 1392 1827 1464; x_wconf 89' lang='lat' dir='ltr'><strong>pluribus</strong></span> <span class='ocrx_word' id='word_1_89' title='bbox 1868 1393 2047 1460; x_wconf 85' lang='lat' dir='ltr'><strong>hisce,</strong></span> 
     </span>
     <span class='ocr_line' id='line_1_14' title="bbox 483 1476 2033 1549; baseline -0.001 -16"><span class='ocrx_word' id='word_1_90' title='bbox 483 1478 532 1534; x_wconf 87' lang='lat' dir='ltr'><strong>si</strong></span> <span class='ocrx_word' id='word_1_91' title='bbox 575 1479 742 1532; x_wconf 86' lang='lat' dir='ltr'><strong>modo</strong></span> <span class='ocrx_word' id='word_1_92' title='bbox 784 1477 947 1549; x_wconf 84' lang='lat' dir='ltr'><strong>plura</strong></span> <span class='ocrx_word' id='word_1_93' title='bbox 989 1476 1126 1530; x_wconf 90' lang='lat' dir='ltr'><strong>mihi</strong></span> <span class='ocrx_word' id='word_1_94' title='bbox 1169 1479 1319 1531; x_wconf 88' lang='lat' dir='ltr'><strong>bona</strong></span> <span class='ocrx_word' id='word_1_95' title='bbox 1364 1486 1514 1546; x_wconf 86' lang='lat' dir='ltr'><strong>sunt,</strong></span> <span class='ocrx_word' id='word_1_96' title='bbox 1561 1476 1816 1545; x_wconf 86' lang='lat' dir='ltr'><strong>inclinet,</strong></span> <span class='ocrx_word' id='word_1_97' title='bbox 1859 1477 2033 1532; x_wconf 88' lang='lat' dir='ltr'><strong>amari</strong></span> 
     </span>
     <span class='ocr_line' id='line_1_15' title="bbox 483 1561 1969 1634; baseline 0.002 -16"><span class='ocrx_word' id='word_1_98' title='bbox 483 1564 531 1618; x_wconf 92' lang='lat' dir='ltr'><strong>si</strong></span> <span class='ocrx_word' id='word_1_99' title='bbox 575 1563 757 1618; x_wconf 88' lang='lat' dir='ltr'><strong>volet:</strong></span> <span class='ocrx_word' id='word_1_100' title='bbox 801 1563 908 1616; x_wconf 89' lang='lat' dir='ltr'><strong>hac</strong></span> <span class='ocrx_word' id='word_1_101' title='bbox 949 1563 1076 1634; x_wconf 90' lang='lat' dir='ltr'><strong>lege</strong></span> <span class='ocrx_word' id='word_1_102' title='bbox 1120 1561 1178 1616; x_wconf 90' lang='lat' dir='ltr'><strong>in</strong></span> <span class='ocrx_word' id='word_1_103' title='bbox 1221 1562 1432 1617; x_wconf 88' lang='lat' dir='ltr'><strong>trutina</strong></span> <span class='ocrx_word' id='word_1_104' title='bbox 1474 1571 1714 1634; x_wconf 87' lang='lat' dir='ltr'><strong>ponetur</strong></span> <span class='ocrx_word' id='word_1_105' title='bbox 1757 1564 1969 1621; x_wconf 77' lang='lat' dir='ltr'><strong>eadem.</strong></span> 
     </span>
     <span class='ocr_line' id='line_1_16' title="bbox 486 1648 1884 1721; baseline 0 -19"><span class='ocrx_word' id='word_1_106' title='bbox 486 1649 583 1721; x_wconf 87' lang='lat' dir='ltr'><strong>qui</strong></span> <span class='ocrx_word' id='word_1_107' title='bbox 627 1667 698 1703; x_wconf 90' lang='lat' dir='ltr'><strong>ne</strong></span> <span class='ocrx_word' id='word_1_108' title='bbox 742 1648 1030 1703; x_wconf 86' lang='lat' dir='ltr'><strong>tuberibus</strong></span> <span class='ocrx_word' id='word_1_109' title='bbox 1074 1648 1314 1720; x_wconf 85' lang='lat' dir='ltr'><strong>propriis</strong></span> <span class='ocrx_word' id='word_1_110' title='bbox 1360 1649 1607 1702; x_wconf 80' lang='lat' dir='ltr'><strong>offendat</strong></span> <span class='ocrx_word' id='word_1_111' title='bbox 1650 1648 1884 1702; x_wconf 83' lang='lat' dir='ltr'><strong>amicum</strong></span> 
     </span>
     <span class='ocr_line' id='line_1_17' title="bbox 482 1733 1985 1806; baseline 0 -17"><span class='ocrx_word' id='word_1_112' title='bbox 482 1734 753 1806; x_wconf 86' lang='lat' dir='ltr'><strong>postulat,</strong></span> <span class='ocrx_word' id='word_1_113' title='bbox 797 1733 1056 1806; x_wconf 87' lang='lat' dir='ltr'><strong>ignoscet</strong></span> <span class='ocrx_word' id='word_1_114' title='bbox 1100 1733 1348 1788; x_wconf 83' lang='lat' dir='ltr'><strong>verrucis</strong></span> <span class='ocrx_word' id='word_1_115' title='bbox 1392 1734 1575 1788; x_wconf 82' lang='lat' dir='ltr'><strong>illius=</strong></span> <span class='ocrx_word' id='word_1_116' title='bbox 1620 1751 1859 1805; x_wconf 83' lang='lat' dir='ltr'><strong>aequum</strong></span> <span class='ocrx_word' id='word_1_117' title='bbox 1901 1740 1985 1789; x_wconf 82' lang='lat' dir='ltr'><strong>est</strong></span> 
     </span>
    </p>

    <p class='ocr_par' dir='ltr' id='par_1_6' title="bbox 364 1818 2061 2233">
     <span class='ocr_line' id='line_1_18' title="bbox 364 1818 1887 1892; baseline -0.001 -19"><span class='ocrx_word' id='word_1_118' title='bbox 364 1825 436 1874; x_wconf 85' lang='grc'><strong>75</strong></span> <span class='ocrx_word' id='word_1_119' title='bbox 486 1819 732 1892; x_wconf 84' lang='lat' dir='ltr'><strong>peccatis</strong></span> <span class='ocrx_word' id='word_1_120' title='bbox 774 1818 992 1874; x_wconf 86' lang='lat' dir='ltr'><strong>veniam</strong></span> <span class='ocrx_word' id='word_1_121' title='bbox 1034 1827 1358 1890; x_wconf 87' lang='lat' dir='ltr'><strong>poscentem</strong></span> <span class='ocrx_word' id='word_1_122' title='bbox 1400 1820 1637 1874; x_wconf 85' lang='lat' dir='ltr'><strong>reddere</strong></span> <span class='ocrx_word' id='word_1_123' title='bbox 1678 1837 1887 1874; x_wconf 86' lang='lat' dir='ltr'><strong>rursus.</strong></span> 
     </span>
     <span class='ocr_line' id='line_1_19' title="bbox 485 1903 1979 1977; baseline -0.001 -19"><span class='ocrx_word' id='word_1_124' title='bbox 485 1905 742 1977; x_wconf 88' lang='lat' dir='ltr'><strong>denique,</strong></span> <span class='ocrx_word' id='word_1_125' title='bbox 790 1913 1062 1976; x_wconf 82' lang='lat' dir='ltr'><strong>quatenus</strong></span> <span class='ocrx_word' id='word_1_126' title='bbox 1108 1904 1294 1958; x_wconf 86' lang='lat' dir='ltr'><strong>excidi</strong></span> <span class='ocrx_word' id='word_1_127' title='bbox 1336 1904 1561 1976; x_wconf 84' lang='lat' dir='ltr'><strong>penitus</strong></span> <span class='ocrx_word' id='word_1_128' title='bbox 1606 1903 1803 1959; x_wconf 84' lang='lat' dir='ltr'><strong>vitium</strong></span> <span class='ocrx_word' id='word_1_129' title='bbox 1846 1903 1979 1972; x_wconf 85' lang='lat' dir='ltr'><strong>irae,</strong></span> 
     </span>
     <span class='ocr_line' id='line_1_20' title="bbox 485 1989 2061 2060; baseline 0 -16"><span class='ocrx_word' id='word_1_130' title='bbox 485 1999 672 2046; x_wconf 85' lang='lat' dir='ltr'><strong>cetera</strong></span> <span class='ocrx_word' id='word_1_131' title='bbox 715 1989 849 2044; x_wconf 84' lang='lat' dir='ltr'><strong>item</strong></span> <span class='ocrx_word' id='word_1_132' title='bbox 894 1997 1181 2060; x_wconf 85' lang='lat' dir='ltr'><strong>nequeunt</strong></span> <span class='ocrx_word' id='word_1_133' title='bbox 1224 1989 1411 2044; x_wconf 87' lang='lat' dir='ltr'><strong>stultis</strong></span> <span class='ocrx_word' id='word_1_134' title='bbox 1454 1989 1759 2057; x_wconf 85' lang='lat' dir='ltr'><strong>haerentia,</strong></span> <span class='ocrx_word' id='word_1_135' title='bbox 1806 2008 1905 2045; x_wconf 91' lang='lat' dir='ltr'><strong>cur</strong></span> <span class='ocrx_word' id='word_1_136' title='bbox 1945 2006 2061 2044; x_wconf 88' lang='lat' dir='ltr'><strong>non</strong></span> 
     </span>
     <span class='ocr_line' id='line_1_21' title="bbox 490 2073 2051 2149; baseline -0.001 -19"><span class='ocrx_word' id='word_1_137' title='bbox 490 2075 830 2149; x_wconf 85' lang='lat' dir='ltr'><strong>ponderibus</strong></span> <span class='ocrx_word' id='word_1_138' title='bbox 875 2075 1225 2146; x_wconf 89' lang='lat' dir='ltr'><strong>modulisque</strong></span> <span class='ocrx_word' id='word_1_139' title='bbox 1270 2073 1384 2129; x_wconf 88' lang='lat' dir='ltr'><strong>suis</strong></span> <span class='ocrx_word' id='word_1_140' title='bbox 1428 2075 1571 2130; x_wconf 83' lang='lat' dir='ltr'><strong>ratio</strong></span> <span class='ocrx_word' id='word_1_141' title='bbox 1617 2075 1809 2143; x_wconf 89' lang='lat' dir='ltr'><strong>utitur,</strong></span> <span class='ocrx_word' id='word_1_142' title='bbox 1855 2093 1919 2129; x_wconf 83' lang='lat' dir='ltr'><strong>ac</strong></span> <span class='ocrx_word' id='word_1_143' title='bbox 1960 2091 2051 2128; x_wconf 87' lang='lat' dir='ltr'><strong>res</strong></span> 
     </span>
     <span class='ocr_line' id='line_1_22' title="bbox 487 2157 1985 2233; baseline -0.001 -18"><span class='ocrx_word' id='word_1_144' title='bbox 487 2169 550 2215; x_wconf 92' lang='lat' dir='ltr'><strong>ut</strong></span> <span class='ocrx_word' id='word_1_145' title='bbox 594 2177 847 2233; x_wconf 89' lang='lat' dir='ltr'><strong>quaeque</strong></span> <span class='ocrx_word' id='word_1_146' title='bbox 893 2169 979 2214; x_wconf 84' lang='lat' dir='ltr'><strong>est</strong></span> <span class='ocrx_word' id='word_1_147' title='bbox 1021 2159 1102 2214; x_wconf 84' lang='lat' dir='ltr'><strong>ita</strong></span> <span class='ocrx_word' id='word_1_148' title='bbox 1146 2159 1433 2231; x_wconf 85' lang='lat' dir='ltr'><strong>suppliciis</strong></span> <span class='ocrx_word' id='word_1_149' title='bbox 1479 2157 1683 2216; x_wconf 80' lang='lat' dir='ltr'><strong>delicta</strong></span> <span class='ocrx_word' id='word_1_150' title='bbox 1726 2158 1985 2216; x_wconf 77' lang='lat' dir='ltr'><strong>coercet?</strong></span> 
     </span>
    </p>

    <p class='ocr_par' dir='ltr' id='par_1_7' title="bbox 379 2243 2097 2660">
     <span class='ocr_line' id='line_1_23' title="bbox 379 2243 2033 2318; baseline -0.001 -17"><span class='ocrx_word' id='word_1_151' title='bbox 379 2251 453 2301; x_wconf 89' lang='lat'><strong>80</strong></span> <span class='ocrx_word' id='word_1_152' title='bbox 501 2246 676 2318; x_wconf 85' lang='lat' dir='ltr'><strong>siquis</strong></span> <span class='ocrx_word' id='word_1_153' title='bbox 720 2263 846 2300; x_wconf 90' lang='lat' dir='ltr'><strong>eum</strong></span> <span class='ocrx_word' id='word_1_154' title='bbox 891 2263 1130 2314; x_wconf 83' lang='lat' dir='ltr'><strong>servum,</strong></span> <span class='ocrx_word' id='word_1_155' title='bbox 1174 2243 1424 2317; x_wconf 82' lang='lat' dir='ltr'><strong>patinam</strong></span> <span class='ocrx_word' id='word_1_156' title='bbox 1468 2245 1564 2317; x_wconf 90' lang='lat' dir='ltr'><strong>qui</strong></span> <span class='ocrx_word' id='word_1_157' title='bbox 1607 2245 1808 2301; x_wconf 84' lang='lat' dir='ltr'><strong>tollere</strong></span> <span class='ocrx_word' id='word_1_158' title='bbox 1851 2245 2033 2300; x_wconf 83' lang='lat' dir='ltr'><strong>iussus</strong></span> 
     </span>
     <span class='ocr_line' id='line_1_24' title="bbox 487 2329 1847 2403; baseline -0.001 -17"><span class='ocrx_word' id='word_1_159' title='bbox 487 2349 726 2386; x_wconf 86' lang='lat' dir='ltr'><strong>semesos</strong></span> <span class='ocrx_word' id='word_1_160' title='bbox 771 2329 939 2401; x_wconf 89' lang='lat' dir='ltr'><strong>piscis</strong></span> <span class='ocrx_word' id='word_1_161' title='bbox 984 2331 1346 2403; x_wconf 90' lang='lat' dir='ltr'><strong>tepidumque</strong></span> <span class='ocrx_word' id='word_1_162' title='bbox 1391 2329 1699 2403; x_wconf 87' lang='lat' dir='ltr'><strong>ligurrierit</strong></span> <span class='ocrx_word' id='word_1_163' title='bbox 1741 2329 1847 2400; x_wconf 86' lang='lat' dir='ltr'><strong>ius,</strong></span> 
     </span>
     <span class='ocr_line' id='line_1_25' title="bbox 488 2415 1835 2489; baseline -0.001 -17"><span class='ocrx_word' id='word_1_164' title='bbox 488 2417 548 2472; x_wconf 92' lang='lat' dir='ltr'><strong>in</strong></span> <span class='ocrx_word' id='word_1_165' title='bbox 593 2433 757 2471; x_wconf 91' lang='lat' dir='ltr'><strong>cruce</strong></span> <span class='ocrx_word' id='word_1_166' title='bbox 804 2415 1043 2489; x_wconf 86' lang='lat' dir='ltr'><strong>suffigat,</strong></span> <span class='ocrx_word' id='word_1_167' title='bbox 1089 2415 1351 2471; x_wconf 79' lang='lat' dir='ltr'><strong>Labeone</strong></span> <span class='ocrx_word' id='word_1_168' title='bbox 1396 2415 1644 2472; x_wconf 87' lang='lat' dir='ltr'><strong>insanior</strong></span> <span class='ocrx_word' id='word_1_169' title='bbox 1686 2415 1835 2471; x_wconf 89' lang='lat' dir='ltr'><strong>inter</strong></span> 
     </span>
     <span class='ocr_line' id='line_1_26' title="bbox 495 2501 1901 2576; baseline -0.002 -17"><span class='ocrx_word' id='word_1_170' title='bbox 495 2520 658 2559; x_wconf 86' lang='lat' dir='ltr'><strong>sanos</strong></span> <span class='ocrx_word' id='word_1_171' title='bbox 705 2501 941 2557; x_wconf 87' lang='lat' dir='ltr'><strong>dicatur.</strong></span> <span class='ocrx_word' id='word_1_172' title='bbox 1029 2510 1237 2574; x_wconf 90' lang='lat' dir='ltr'><strong>quanto</strong></span> <span class='ocrx_word' id='word_1_173' title='bbox 1280 2503 1388 2556; x_wconf 92' lang='lat' dir='ltr'><strong>hoc</strong></span> <span class='ocrx_word' id='word_1_174' title='bbox 1429 2501 1689 2556; x_wconf 84' lang='lat' dir='ltr'><strong>furiosius</strong></span> <span class='ocrx_word' id='word_1_175' title='bbox 1733 2509 1901 2576; x_wconf 88' lang='lat' dir='ltr'><strong>atque</strong></span> 
     </span>
     <span class='ocr_line' id='line_1_27' title="bbox 492 2577 2097 2660; baseline -0.002 -17"><span class='ocrx_word' id='word_1_176' title='bbox 492 2587 668 2643; x_wconf 89' lang='lat' dir='ltr'><strong>maius</strong></span> <span class='ocrx_word' id='word_1_177' title='bbox 713 2596 999 2659; x_wconf 86' lang='lat' dir='ltr'><strong>peccatum</strong></span> <span class='ocrx_word' id='word_1_178' title='bbox 1044 2587 1155 2642; x_wconf 77' lang='lat' dir='ltr'><strong>est!</strong></span> <span class='ocrx_word' id='word_1_179' title='bbox 1201 2586 1449 2658; x_wconf 85' lang='lat' dir='ltr'><strong>paullum</strong></span> <span class='ocrx_word' id='word_1_180' title='bbox 1492 2586 1725 2660; x_wconf 90' lang='lat' dir='ltr'><strong>deliquit</strong></span> <span class='ocrx_word' id='word_1_181' title='bbox 1767 2586 1972 2641; x_wconf 87' lang='lat' dir='ltr'><strong>amicus</strong></span> <span class='ocrx_word' id='word_1_182' title='bbox 2002 2577 2097 2622; x_wconf 67' lang='grc'><strong>--’</strong></span> 
     </span>
    </p>

    <p class='ocr_par' dir='ltr' id='par_1_8' title="bbox 372 2671 2185 3087">
     <span class='ocr_line' id='line_1_28' title="bbox 372 2671 2139 2748; baseline 0 -20"><span class='ocrx_word' id='word_1_183' title='bbox 372 2679 447 2729; x_wconf 76' lang='lat'><strong>85</strong></span> <span class='ocrx_word' id='word_1_184' title='bbox 495 2674 646 2748; x_wconf 87' lang='lat' dir='ltr'><strong>quod</strong></span> <span class='ocrx_word' id='word_1_185' title='bbox 689 2671 798 2727; x_wconf 88' lang='lat' dir='ltr'><strong>nisi</strong></span> <span class='ocrx_word' id='word_1_186' title='bbox 840 2673 1137 2739; x_wconf 79' lang='lat' dir='ltr'><strong>concedaS,</strong></span> <span class='ocrx_word' id='word_1_187' title='bbox 1181 2672 1422 2728; x_wconf 84' lang='lat' dir='ltr'><strong>habeare</strong></span> <span class='ocrx_word' id='word_1_188' title='bbox 1466 2673 1708 2727; x_wconf 87' lang='lat' dir='ltr'><strong>insuavis</strong></span> <span class='ocrx_word' id='word_1_189' title='bbox 1749 2691 1861 2725; x_wconf 87' lang='lat'><strong>—-—:</strong></span> <span class='ocrx_word' id='word_1_190' title='bbox 1907 2673 2139 2728; x_wconf 83' lang='lat' dir='ltr'><strong>acerbus</strong></span> 
     </span>
     <span class='ocr_line' id='line_1_29' title="bbox 493 2757 1854 2830; baseline -0.001 -16"><span class='ocrx_word' id='word_1_191' title='bbox 493 2758 662 2818; x_wconf 88' lang='lat' dir='ltr'><strong>odisti</strong></span> <span class='ocrx_word' id='word_1_192' title='bbox 707 2765 764 2813; x_wconf 92' lang='lat' dir='ltr'><strong>et</strong></span> <span class='ocrx_word' id='word_1_193' title='bbox 806 2757 953 2830; x_wconf 84' lang='lat' dir='ltr'><strong>fugis</strong></span> <span class='ocrx_word' id='word_1_194' title='bbox 997 2764 1061 2811; x_wconf 90' lang='lat' dir='ltr'><strong>ut</strong></span> <span class='ocrx_word' id='word_1_195' title='bbox 1103 2757 1385 2812; x_wconf 88' lang='lat' dir='ltr'><strong>Rusonem</strong></span> <span class='ocrx_word' id='word_1_196' title='bbox 1431 2759 1652 2814; x_wconf 87' lang='lat' dir='ltr'><strong>debitor</strong></span> <span class='ocrx_word' id='word_1_197' title='bbox 1695 2757 1854 2826; x_wconf 90' lang='lat' dir='ltr'><strong>aeris,</strong></span> 
     </span>
     <span class='ocr_line' id='line_1_30' title="bbox 488 2842 1991 2918; baseline -0.001 -19"><span class='ocrx_word' id='word_1_198' title='bbox 488 2845 586 2918; x_wconf 89' lang='lat' dir='ltr'><strong>qui</strong></span> <span class='ocrx_word' id='word_1_199' title='bbox 630 2842 758 2912; x_wconf 90' lang='lat' dir='ltr'><strong>nisi,</strong></span> <span class='ocrx_word' id='word_1_200' title='bbox 805 2862 930 2899; x_wconf 90' lang='lat' dir='ltr'><strong>cum</strong></span> <span class='ocrx_word' id='word_1_201' title='bbox 971 2843 1160 2898; x_wconf 85' lang='lat' dir='ltr'><strong>tristes</strong></span> <span class='ocrx_word' id='word_1_202' title='bbox 1205 2844 1409 2899; x_wconf 89' lang='lat' dir='ltr'><strong>misero</strong></span> <span class='ocrx_word' id='word_1_203' title='bbox 1454 2861 1658 2899; x_wconf 81' lang='lat' dir='ltr'><strong>venere</strong></span> <span class='ocrx_word' id='word_1_204' title='bbox 1705 2843 1991 2912; x_wconf 81' lang='lat' dir='ltr'><strong>calendae,</strong></span> 
     </span>
     <span class='ocr_line' id='line_1_31' title="bbox 489 2929 2185 2999; baseline 0.001 -15"><span class='ocrx_word' id='word_1_205' title='bbox 489 2931 799 2985; x_wconf 88' lang='lat' dir='ltr'><strong>mercedem</strong></span> <span class='ocrx_word' id='word_1_206' title='bbox 843 2937 940 2984; x_wconf 88' lang='lat' dir='ltr'><strong>aut</strong></span> <span class='ocrx_word' id='word_1_207' title='bbox 981 2946 1231 2982; x_wconf 87' lang='lat' dir='ltr'><strong>nummos</strong></span> <span class='ocrx_word' id='word_1_208' title='bbox 1279 2931 1427 2984; x_wconf 88' lang='lat' dir='ltr'><strong>unde</strong></span> <span class='ocrx_word' id='word_1_209' title='bbox 1472 2932 1621 2986; x_wconf 90' lang='lat' dir='ltr'><strong>unde</strong></span> <span class='ocrx_word' id='word_1_210' title='bbox 1666 2929 1921 2999; x_wconf 84' lang='lat' dir='ltr'><strong>extricat,</strong></span> <span class='ocrx_word' id='word_1_211' title='bbox 1968 2947 2185 2985; x_wconf 84' lang='lat' dir='ltr'><strong>amaras</strong></span> 
     </span>
     <span class='ocr_line' id='line_1_32' title="bbox 495 3013 1918 3087; baseline 0.001 -18"><span class='ocrx_word' id='word_1_212' title='bbox 495 3023 751 3087; x_wconf 87' lang='lat' dir='ltr'><strong>porrecto</strong></span> <span class='ocrx_word' id='word_1_213' title='bbox 795 3015 987 3086; x_wconf 88' lang='lat' dir='ltr'><strong>iugulo</strong></span> <span class='ocrx_word' id='word_1_214' title='bbox 1029 3013 1292 3068; x_wconf 81' lang='lat' dir='ltr'><strong>historias</strong></span> <span class='ocrx_word' id='word_1_215' title='bbox 1338 3014 1591 3086; x_wconf 85' lang='lat' dir='ltr'><strong>captivus</strong></span> <span class='ocrx_word' id='word_1_216' title='bbox 1634 3023 1698 3069; x_wconf 90' lang='lat' dir='ltr'><strong>ut</strong></span> <span class='ocrx_word' id='word_1_217' title='bbox 1743 3015 1918 3070; x_wconf 77' lang='lat' dir='ltr'><strong>audit.</strong></span> 
     </span>
    </p>

    <p class='ocr_par' dir='ltr' id='par_1_9' title="bbox 371 3099 2164 3512">
     <span class='ocr_line' id='line_1_33' title="bbox 371 3099 1848 3172; baseline -0.001 -18"><span class='ocrx_word' id='word_1_218' title='bbox 371 3102 448 3155; x_wconf 85' lang='lat'><strong>90</strong></span> <span class='ocrx_word' id='word_1_219' title='bbox 494 3100 799 3155; x_wconf 84' lang='lat' dir='ltr'><strong>conminxit</strong></span> <span class='ocrx_word' id='word_1_220' title='bbox 840 3101 1043 3155; x_wconf 91' lang='lat' dir='ltr'><strong>lectum</strong></span> <span class='ocrx_word' id='word_1_221' title='bbox 1087 3107 1252 3172; x_wconf 88' lang='lat' dir='ltr'><strong>potus</strong></span> <span class='ocrx_word' id='word_1_222' title='bbox 1297 3118 1556 3156; x_wconf 84' lang='lat' dir='ltr'><strong>mensave</strong></span> <span class='ocrx_word' id='word_1_223' title='bbox 1600 3099 1848 3155; x_wconf 85' lang='lat' dir='ltr'><strong>catillum</strong></span> 
     </span>
     <span class='ocr_line' id='line_1_34' title="bbox 495 3184 2038 3253; baseline -0.002 -12"><span class='ocrx_word' id='word_1_224' title='bbox 495 3186 742 3241; x_wconf 88' lang='lat' dir='ltr'><strong>Euandri</strong></span> <span class='ocrx_word' id='word_1_225' title='bbox 785 3186 1039 3240; x_wconf 87' lang='lat' dir='ltr'><strong>manibus</strong></span> <span class='ocrx_word' id='word_1_226' title='bbox 1083 3184 1277 3239; x_wconf 85' lang='lat' dir='ltr'><strong>tritum</strong></span> <span class='ocrx_word' id='word_1_227' title='bbox 1322 3185 1550 3240; x_wconf 86' lang='lat' dir='ltr'><strong>deiecit:</strong></span> <span class='ocrx_word' id='word_1_228' title='bbox 1597 3187 1667 3240; x_wconf 91' lang='lat' dir='ltr'><strong>ob</strong></span> <span class='ocrx_word' id='word_1_229' title='bbox 1710 3186 1855 3241; x_wconf 86' lang='lat' dir='ltr'><strong>hanc</strong></span> <span class='ocrx_word' id='word_1_230' title='bbox 1896 3201 2038 3253; x_wconf 90' lang='lat' dir='ltr'><strong>rem,</strong></span> 
     </span>
     <span class='ocr_line' id='line_1_35' title="bbox 496 3270 2164 3343; baseline 0.002 -19"><span class='ocrx_word' id='word_1_231' title='bbox 496 3279 592 3324; x_wconf 85' lang='lat' dir='ltr'><strong>aut</strong></span> <span class='ocrx_word' id='word_1_232' title='bbox 633 3270 873 3343; x_wconf 88' lang='lat' dir='ltr'><strong>positum</strong></span> <span class='ocrx_word' id='word_1_233' title='bbox 918 3281 1045 3326; x_wconf 89' lang='lat' dir='ltr'><strong>ante</strong></span> <span class='ocrx_word' id='word_1_234' title='bbox 1090 3287 1213 3324; x_wconf 83' lang='lat' dir='ltr'><strong>mea</strong></span> <span class='ocrx_word' id='word_1_235' title='bbox 1257 3271 1389 3342; x_wconf 88' lang='lat' dir='ltr'><strong>quia</strong></span> <span class='ocrx_word' id='word_1_236' title='bbox 1431 3270 1644 3342; x_wconf 90' lang='lat' dir='ltr'><strong>pullum</strong></span> <span class='ocrx_word' id='word_1_237' title='bbox 1686 3271 1744 3325; x_wconf 89' lang='lat' dir='ltr'><strong>in</strong></span> <span class='ocrx_word' id='word_1_238' title='bbox 1788 3279 1947 3343; x_wconf 83' lang='lat' dir='ltr'><strong>parte</strong></span> <span class='ocrx_word' id='word_1_239' title='bbox 1992 3270 2164 3328; x_wconf 81' lang='lat' dir='ltr'><strong>catini</strong></span> 
     </span>
     <span class='ocr_line' id='line_1_36' title="bbox 497 3354 1982 3424; baseline 0.001 -16"><span class='ocrx_word' id='word_1_240' title='bbox 497 3355 722 3409; x_wconf 89' lang='lat' dir='ltr'><strong>sustulit</strong></span> <span class='ocrx_word' id='word_1_241' title='bbox 767 3355 1036 3424; x_wconf 82' lang='lat' dir='ltr'><strong>esuriens,</strong></span> <span class='ocrx_word' id='word_1_242' title='bbox 1084 3354 1265 3410; x_wconf 86' lang='lat' dir='ltr'><strong>minus</strong></span> <span class='ocrx_word' id='word_1_243' title='bbox 1310 3356 1416 3409; x_wconf 87' lang='lat' dir='ltr'><strong>hoc</strong></span> <span class='ocrx_word' id='word_1_244' title='bbox 1458 3356 1728 3411; x_wconf 88' lang='lat' dir='ltr'><strong>iucundus</strong></span> <span class='ocrx_word' id='word_1_245' title='bbox 1774 3356 1982 3411; x_wconf 87' lang='lat' dir='ltr'><strong>amicus</strong></span> 
     </span>
     <span class='ocr_line' id='line_1_37' title="bbox 497 3438 2059 3512; baseline 0.003 -20"><span class='ocrx_word' id='word_1_246' title='bbox 497 3439 568 3492; x_wconf 79' lang='lat' dir='ltr'><strong>sit</strong></span> <span class='ocrx_word' id='word_1_247' title='bbox 611 3438 786 3493; x_wconf 81' lang='lat' dir='ltr'><strong>mihi?</strong></span> <span class='ocrx_word' id='word_1_248' title='bbox 831 3441 966 3512; x_wconf 90' lang='lat' dir='ltr'><strong>quid</strong></span> <span class='ocrx_word' id='word_1_249' title='bbox 1009 3439 1226 3508; x_wconf 79' lang='lat' dir='ltr'><strong>faciam,</strong></span> <span class='ocrx_word' id='word_1_250' title='bbox 1273 3440 1321 3496; x_wconf 84' lang='lat' dir='ltr'><strong>si</strong></span> <span class='ocrx_word' id='word_1_251' title='bbox 1363 3441 1572 3495; x_wconf 85' lang='lat' dir='ltr'><strong>furtum</strong></span> <span class='ocrx_word' id='word_1_252' title='bbox 1614 3442 1824 3509; x_wconf 77' lang='lat' dir='ltr'><strong>fecerit,</strong></span> <span class='ocrx_word' id='word_1_253' title='bbox 1871 3449 1967 3496; x_wconf 84' lang='lat' dir='ltr'><strong>aut</strong></span> <span class='ocrx_word' id='word_1_254' title='bbox 2012 3441 2059 3497; x_wconf 90' lang='lat' dir='ltr'><strong>si</strong></span> 
     </span>
    </p>

    <p class='ocr_par' dir='ltr' id='par_1_10' title="bbox 375 3523 1961 3601">
     <span class='ocr_line' id='line_1_38' title="bbox 375 3523 1961 3601; baseline 0.003 -24"><span class='ocrx_word' id='word_1_255' title='bbox 375 3529 448 3578; x_wconf 86' lang='lat'><strong>95</strong></span> <span class='ocrx_word' id='word_1_256' title='bbox 494 3523 808 3596; x_wconf 89' lang='lat' dir='ltr'><strong>prodiderit</strong></span> <span class='ocrx_word' id='word_1_257' title='bbox 852 3525 1127 3582; x_wconf 87' lang='lat' dir='ltr'><strong>conmissa</strong></span> <span class='ocrx_word' id='word_1_258' title='bbox 1168 3527 1280 3581; x_wconf 87' lang='lat' dir='ltr'><strong>fide</strong></span> <span class='ocrx_word' id='word_1_259' title='bbox 1326 3541 1661 3598; x_wconf 77' lang='lat' dir='ltr'><strong>sponsumve</strong></span> <span class='ocrx_word' id='word_1_260' title='bbox 1703 3526 1961 3601; x_wconf 80' lang='lat' dir='ltr'><strong>negarit?</strong></span> 
     </span>
    </p>
   </div>
   <div class='ocr_carea' id='block_1_3' title="bbox 2443 2162 2449 2807">
    <p class='ocr_par' dir='ltr' id='par_1_11' title="bbox 2443 2162 2449 2807">
     <span class='ocr_line' id='line_1_39' title="bbox 2443 2162 2449 2807; baseline 0 0"><span class='ocrx_word' id='word_1_261' title='bbox 2443 2162 2449 2807; x_wconf 95' lang='lat' dir='ltr'><strong> </strong></span> 
     </span>
    </p>
   </div>
  </div>
 </body>
</html>
