2459 3959
291 281 420 346 15⁶

342 791 415 842 65

344 1215 418 1268 70

344 1645 416 1697 75

347 2069 422 2124 80

349 2498 423 2549 85

354 2923 428 2973 90

364 3349 436 3400 95

1034 267 1491 344 sA'riRARVM

459 440 595 497 belli
637 440 870 497 ferratos
913 443 1086 515 postia
1129 448 1432 515 portasque
1476 441 1745 514 refregit’,

461 526 710 582 invenias
755 526 921 582 etiam
965 527 1182 584 disiecti
1225 527 1473 580 membra
1512 535 1730 600 poetae.

460 614 722 668 hactenus
753 614 920 668 haec:
966 614 1099 668 alias
1143 613 1351 667 iustum
1394 611 1469 667 sit
1510 629 1707 668 necne·
1730 629 1951 684 poem&

461 699 609 754 nunc'
649 697 791 752 illud
833 705 1050 754 tantum
1093 715 1371 770 quaeram,
1416 697 1685 754 meritone
1729 698 1835 754 tibi
1877 699 1949 753 sit

465 791 780 856 suspectum
824 801 998 854 genus
1040 784 1147 839 hoc
1191 783 1488 839 scribendi.
1534 783 1751 838 Sulcius
1794 801 1923 838 acer

466 868 710 926 ambulat
753 875 811 922 et
855 869 1108 942 Caprius,
1154 868 1309 924 rauci
1352 869 1497 923 male
1541 887 1774 941 cumque
1813 869 2029 938 libellis,

463 972 695 1028 magnus
740 960 970 1027 uterque
1011 955 1179 1009 timor
1219 953 1555 1009 latronibus:
1600 963 1659 1008 at
1704 955 1843 1009 bene
1888 955 1935 1010 si
1976 956 2094 1028 quis

464 1049 522 1097 et
562 1040 714 1095 vivat
756 1041 928 1111 puris‘
952 1040 1222 1108 manibus,
1270 1047 1584 1094 contemnat
1626 1046 1940 1112 utrumque.

463 1135 528 1182 ut
570 1125 643 1181 sis
686 1131 750 1180 tu
791 1125 983 1180 similis
1029 1124 1185 1181 Caeli
1227 1124 1487 1196 Birrique
1527 1125 1825 1192 latronum,

463 1231 576 1268 non
619 1229 724 1283 ego
771 1211 874 1266 sim
918 1210 1084 1282 Capri
1127 1228 1313 1282 neque
1356 1209 1540 1264 Sulci:
1587 1225 1685 1262 cur
1726 1218 1937 1263 metuas
1982 1211 2111 1264 me?

461 1299 615 1354 nulla
653 1297 888 1352 taberna
930 1313 1080 1351 meos
1123 1295 1328 1349 habeat
1369 1311 1547 1366 neque
1590 1295 1705 1365 pila
1747 1294 1983 1362 libellos,

463 1382 586 1456 quis
630 1400 822 1437 manus
865 1381 1088 1436 insudet
1127 1380 1281 1452 volgi
1326 1378 1805 1452 Hermogenisque
1848 1380 2071 1452 Tigelli.

462 1487 566 1524 nec
605 1467 777 1523 recito
820 1467 1076 1539 cuiquam
1116 1465 1225 1520 nisi
1268 1464 1475 1532 amicis,
1518 1464 1688 1535 idque
1731 1473 1971 1532 coactus,

462 1572 575 1608 non
618 1553 799 1607 ubivis
843 1569 1096 1607 coramve
1139 1549 1502 1623 quibuslibet.
1548 1550 1607 1603 in
1649 1550 1832 1604 medio
1877 1551 1975 1622 qui

466 1637 671 1710 scripta
713 1639 831 1693 foro
873 1637 1113 1692 recitent
1155 1643 1286 1690 sunt
1327 1635 1487 1689 multi
1530 1634 1739 1707 quique
1784 1636 2057 1692 lavantes:

467 1741 636 1780 suave
679 1723 834 1778 locus
876 1722 1002 1776 voci
1045 1727 1269 1776 resonat
1312 1721 1618 1776 conclusus.
1662 1720 1841 1774 inanis

463 1810 572 1863 hoc
613 1807 784 1876 iuvat,
827 1807 977 1862 haud
1018 1806 1158 1860 illud
1201 1806 1535 1877 quaerentis,
1580 1823 1712 1859 num
1756 1805 1875 1862 sine
1918 1823 2100 1875 sensu,

465 1903 716 1966 tempore
755 1911 889 1947 num
932 1891 1134 1946 faciant
1177 1891 1376 1947 alieno·
1421 1888 1657 1945 ‘laedere
1699 1893 1923 1962 gaudes’

467 1978 668 2052 inquit,
716 1974 794 2033 ‘et
834 1979 941 2032 hoc
985 1976 1167 2032 studio
1209 1994 1411 2048 pravus
1452 1976 1627 2030 facis.’
1671 1979 1819 2032 unde
1862 1977 2093 2049 petitum

467 2067 575 2120 hoc
617 2064 676 2118 in
718 2082 804 2118 me
847 2061 1024 2117 iacis?
1069 2069 1155 2116 est
1198 2068 1391 2116 auctor
1432 2061 1567 2134 quis·
1604 2062 1845 2134 denique
1890 2080 2078 2117 eorum

470 2149 588 2205 vixi
629 2167 753 2204 cum
797 2147 1038 2221 quibus?
1083 2148 1367 2202 absentem
1410 2147 1507 2218 qui
1549 2146 1699 2202 rodit
1740 2147 1996 2216 amicum,

469 2235 566 2308 qui
608 2253 720 2289 non
766 2231 1017 2288 defendit
1061 2231 1169 2286 alio
1215 2232 1493 2304 culpante,
1540 2233 1746 2286 solutos

470 2321 566 2394 qui
612 2325 798 2391 captat
839 2318 981 2374 risus
1023 2316 1305 2371 hominum
1348 2317 1657 2389 famamque
1702 2317 1921 2384 dicacis,

471 2405 682 2477 fingere
727 2403 823 2475 qui
865 2422 977 2458 non
1019 2403 1139 2457 visa
1181 2409 1389 2474 potest,
1434 2403 1707 2457 conmissa
1748 2412 1931 2458 tacere

472 2490 568 2563 qui
609 2489 819 2562 nequit,
862 2490 972 2543 hic‘
995 2488 1155 2561 niger
1198 2494 1304 2554 est,
1350 2489 1495 2542 hunc
1535 2495 1617 2555 tu,
1659 2489 1926 2558 Romane,
1970 2495 2183 2550 caveto.

473 2593 638 2648 saepe
683 2574 860 2630 tribus
903 2574 1061 2629 lectis
1105 2573 1297 2628 videas
1341 2590 1538 2628 cenare
1583 2582 1895 2644 quaternos,

474 2679 506 2716 e
550 2660 749 2732 quibus
793 2677 934 2714 unus
979 2666 1124 2714 amet
1169 2657 1362 2732 quavis
1406 2661 1737 2731 adspergere
1781 2669 2003 2714 cunctos

475 2752 696 2819 praeter
713 2763 838 2800 eum
861 2745 956 2817 qui
984 2746 1212 2818 praebet
1235 2762 1460 2816 aquam;
1492 2753 1618 2817 post
1640 2745 1785 2798 hunc
1805 2763 2029 2818 quoque
2048 2754 2230 2818 potus,

475 2829 698 2886 condita
741 2847 864 2885 cum
907 2848 1076 2884 verax
1119 2828 1296 2902 aperit
1338 2831 1660 2902 praecordia
1700 2830 1887 2886 Liber.

473 2916 564 2971 hic
604 2914 709 2972 tibi
752 2915 920 2970 comis
967 2923 1023 2970 et
1065 2918 1307 2970 urbanus
1348 2915 1600 2988 liberque
1646 2916 1878 2984 videtur,

475 3001 678 3056 infesto
721 3000 928 3072 nigris:
974 3017 1078 3072 ego
1122 3001 1170 3056 si
1210 3000 1329 3066 risi,
1374 3003 1524 3072 quod
1566 3001 1786 3073 ineptus

478 3087 724 3160 pastillos
768 3086 1002 3142 Rufillus
1047 3086 1178 3155 olet,
1225 3086 1539 3157 Gargonius
1581 3087 1810 3154 hircum,

481 3173 683 3227 lividus
728 3179 786 3226 et
827 3173 1060 3226 mordax
1102 3171 1295 3227 videor
1336 3171 1437 3226 tibi
1460 3171 1486 3224 ἰ’
1529 3171 1737 3228 mentio
1783 3171 1943 3242 siqua

483 3260 554 3312 dc
598 3256 893 3329 Capitolini
935 3257 1096 3312 furtis
1139 3257 1343 3312 iniecta
1383 3256 1571 3311 Petilli

481 3351 540 3398 te
585 3359 765 3397 coram
807 3341 991 3409 fuerit,
1039 3343 1302 3398 defendas
1347 3350 1410 3399 ut
1451 3351 1577 3397 tuus
1622 3349 1709 3398 est
1749 3359 1903 3398 mos:

487 3426 590 3483 ‘me
636 3426 976 3498 Capitolinus
1019 3428 1336 3484 convictore
1379 3447 1509 3484 usus
1556 3428 1840 3501 amicoque

485 3531 519 3569 a
561 3529 734 3588 puero
779 3519 880 3580 est,
926 3530 1228 3587 caussaque
1273 3532 1399 3569 mea
1439 3515 1714 3588 permulta
1754 3521 1981 3586 rogatus
