2459 3959
171 1805 256 1858 10

173 2240 254 2290 15

175 2663 264 2717 20

874 361 1122 414 LIBER.
1181 367 1420 412 13--15

1101 895 1214 950 XV

297 1036 437 1092 Nox
481 1042 603 1088 erat
647 1043 704 1088 et
749 1035 903 1088 caelo
947 1035 1202 1106 fulgebat
1244 1032 1375 1086 luna
1420 1051 1614 1087 sereno

395 1120 542 1174 inter
583 1119 802 1175 minora
845 1119 1044 1185 sidera,

304 1225 434 1260 cum
479 1216 560 1272 tu,
607 1223 930 1277 magnorum
976 1221 1178 1258 numen
1225 1204 1441 1258 laesura
1486 1205 1741 1271 deorum,

396 1291 456 1344 in
500 1293 672 1346 verba
714 1291 935 1344 iurabas
981 1309 1124 1356 mea,

305 1377 480 1430 artius
527 1386 694 1448 atque
725 1377 892 1430 edera
936 1391 1166 1446 procera
1211 1373 1572 1445 adstringitur
1618 1373 1729 1428 ilex

399 1461 565 1516 lentis
612 1462 916 1516 adhaerens
970 1459 1227 1526 brachiis,

307 1548 444 1601 dum
488 1545 676 1618 pecori
720 1547 882 1618 lupus
929 1555 986 1601 et
1029 1545 1212 1600 nautis
1257 1545 1491 1600 infestus
1538 1544 1714 1598 Orion

399 1631 642 1686 turbarit
683 1632 973 1686 hibernum
1016 1647 1184 1695 mare,

307 1716 672 1789 intonsosque
717 1717 943 1788 agitarit
983 1715 1263 1788 Apollinis
1309 1733 1445 1771 aura
1494 1715 1742 1788 capillos,

402 1802 522 1856 fore
565 1803 712 1856 hunc
755 1820 994 1858 amorem
1039 1810 1315 1856 mutuum.

315 1905 348 1941 o
393 1887 636 1942 dolitura
679 1903 802 1942 mea
842 1890 1076 1942 multum
1123 1887 1329 1942 virtute
1370 1887 1621 1942 Neaera:

401 1991 527 2027 nam
573 1972 755 2045 siquid
799 1971 856 2026 in
900 1974 1102 2028 Flacco
1147 1972 1330 2040 viriet,

311 2077 425 2114 non
469 2059 613 2113 feret
657 2057 914 2114 adsiduas
959 2059 1162 2131 potiori
1207 2067 1267 2114 te
1311 2061 1443 2114 dare
1487 2057 1683 2123 noctis,

357 2151 416 2198 et
459 2151 688 2216 quaeret
732 2144 904 2200 iratus
948 2163 1170 2217 parem:

311 2247 420 2285 nec
465 2229 636 2285 semel
677 2230 918 2286 offensae
965 2232 1128 2285 cedet
1169 2229 1483 2284 constantia
1526 2229 1756 2293 formae,

402 2315 448 2370 si
493 2322 676 2370 certus
720 2315 950 2370 intravit
995 2315 1174 2370 dolor.

313 2409 372 2455 et
415 2409 494 2468 tu,
540 2400 858 2473 quicunque
903 2419 962 2456 es
1005 2400 1222 2456 felicior
1267 2409 1435 2472 atqua
1480 2417 1605 2454 meo
1650 2415 1797 2454 nunc

402 2487 676 2558 superbus
723 2486 930 2541 incedis
976 2486 1146 2553 malo,

313 2571 391 2627 sis
433 2589 638 2643 pecore
682 2580 740 2626 et
782 2571 958 2626 multa
1001 2572 1157 2626 dives
1203 2571 1405 2626 tellure
1460 2569 1666 2637 licebit,

402 2657 618 2729 tibique
663 2657 928 2713 Pactolus
972 2659 1126 2724 fluat,

315 2760 420 2798 nec
463 2750 520 2798 te
566 2742 914 2814 Pythagorae
956 2743 1154 2798 fallant
1197 2759 1397 2797 arcana
1440 2741 1637 2809 renati,

398 2829 685 2900 formaque
729 2828 920 2882 vincas
964 2828 1154 2894 Nirea,

315 2915 460 2971 eheu
503 2914 802 2970 translatos
847 2914 958 2969 alio
1004 2913 1275 2970 maerebis
1320 2929 1561 2968 amores:

401 3007 485 3054 ast
529 3017 633 3071 ego
681 2999 921 3054 vicissim
963 2999 1158 3056 risere.

271 3603 466 3642 Horatius
1043 3579 1047 3584 ¹
1278 3558 1404 3574 δι’
1683 3587 1720 3648 9
1784 3571 1790 3576 .
