2459 3959
926 285 1069 340 LIB.
1093 281 1216 341 '1v.
1276 293 1436 342 4-5

371 437 632 510 dixitque
673 440 900 494 tandem
941 439 1184 511 perfidus
1227 439 1533 496 Hannibal:

227 529 318 577 50
374 521 566 591 ‘cer-vi,
613 524 870 597 luporum
910 527 1118 596 praeda
1159 525 1466 597 rapacium,

455 616 728 664 sectamur
770 610 936 677 ultro,
983 627 1122 681 quos
1165 610 1381 682 opimus
1422 643 1431 654 ·

542 695 734 750 fallere
777 703 832 750 et
875 695 1118 768 effugere
1161 703 1251 751 est
1292 696 1622 770 triumphus.

370 821 526 875 gens,
572 822 712 877 quac
756 813 998 860 cremata
1039 806 1200 862 fortis
1245 808 1315 862 ab
1357 807 1465 863 Ilio

365 889 575 944 iactata
617 890 816 946 Tuscis
860 890 1191 964 aequoribus
1235 910 1395 947 sacra

229 979 318 1028 55
451 983 728 1047 -natosque
773 986 1125 1050 maturosque
1169 985 1359 1048 patres

540 1060 770 1132 pertulit
812 1061 1084 1117 Ausonias
1130 1065 1201 1117 ad
1245 1063 1414 1132 urbis,

371 1171 526 1225 duris
571 1179 633 1226 ut
675 1171 789 1227 ilex
834 1181 997 1228 tonsa
1040 1173 1373 1246 bipennibus

370 1256 562 1328 nigrae
606 1257 776 1312 feraci
819 1259 1030 1313 frondis
1073 1260 1134 1313 in
1166 1260 1401 1330 Algido,

457 1361 558 1415 per
602 1343 817 1408 damna,
860 1361 962 1416 per
1005 1345 1206 1409 caedis,
1254 1347 1323 1399 ab
1366 1345 1489 1416 ipso

235 1435 318 1482 60
539 1429 692 1482 ducit
736 1446 868 1501 opes
914 1429 1267 1503 animumque
1310 1431 1476 1485 ferr0.

382 1536 519 1606 [non
560 1539 736 1609 hydra
778 1531 927 1594 secto
970 1557 1198 1612 corpore
1242 1539 1449 1594 firmior

382 1623 525 1678 vinci
569 1624 846 1678 dolentem
890 1625 1062 1680 crevit
1102 1625 1160 1680 in
1201 1626 1515 1693 Herculem,

453 1716 829 1764 monstrumve
873 1710 1176 1766 submisere
1221 1709 1415 1766 Colchi

461 1855 468 1862 ,
536 1794 710 1850 maius
752 1795 1124 1851 Echioniaeve
1168 1794 1443 1864 Thebae.]

235 1911 313 1960 65
366 1922 573 1959 merses
617 1905 912 1977 profundo,
961 1905 1243 1977 pulchrior
1287 1906 1500 1974 evenit3

364 1990 594 2059 luctere,
638 1990 811 2045 multa
853 1991 1067 2063 proruit
1109 1991 1389 2064 integrum

453 2093 576 2130 cum
619 2075 784 2130 laude
829 2076 1093 2132 victorem
1136 2077 1392 2150 geritque

534 2160 744 2233 proelia
787 2161 1113 2233 coniugibus
1155 2163 1449 2235 loquenda.

366 2271 689 2344 Carthagini
733 2271 840 2326 iam
885 2290 994 2327 non
1041 2290 1144 2344 ego
1191 2273 1415 2328 nuntios

242 2364 317 2412 70
368 2358 584 2412 mittam
627 2358 934 2429 superbos:
981 2357 1205 2426 occidit,
1250 2357 1450 2416 occidit

451 2461 576 2514 spes
620 2441 796 2497 omnis
840 2451 895 2496 et
936 2443 1158 2498 fortuna
1201 2445 1378 2499 nostri

535 2527 771 2582 nominis
814 2527 1163 2584 Hasdrubale
1203 2530 1553 2603 interempto.

367 2638 472 2706 [nil
517 2637 780 2695 Claudiae
822 2657 934 2694 non
978 2640 1271 2712 perficiunt
1316 2659 1529 2708 manus,

367 2743 505 2797 quas
551 2732 607 2779 et
648 2723 891 2796 benigno
936 2725 1160 2780 numine
1201 2725 1457 2798 Iuppiter

241 2817 315 2866 75
451 2809 700 2866 defendit
745 2818 804 2864 et
847 2827 1011 2866 curae
1054 2827 1281 2882 sagaces

533 2893 836 2968 expediunt
877 2914 980 2968 per
1023 2905 1185 2952 acuta
1228 2891 1421 2968 belli.’]

1187 3135 1243 3188 V

361 3261 522 3316 Divis
568 3270 688 3318 orte
731 3264 910 3332 bonis,
959 3263 1165 3337 optime
1205 3263 1476 3319 Romulae

363 3355 549 3402 custos
593 3348 794 3420 gentis,
842 3351 972 3404 abes
1015 3349 1124 3404 iam
1169 3348 1400 3404 nimium
1444 3349 1568 3404 diu:

365 3442 643 3488 maturum
683 3434 924 3489 reditum
967 3433 1250 3507 pollicitus
1293 3433 1511 3509 patrum

452 3526 642 3574 sancto
688 3519 941 3588 concili0,
987 3520 1129 3576 redi.

2100 285 2189 348 95
