2459 3959
277 248 406 310 10⁰
1019 253 1473 308 SATIRARVM

410 414 468 463 et
510 425 652 480 quae
695 406 898 462 rimosa
940 407 1080 460 bene
1123 407 1480 476 deponuntur
1519 407 1575 462 in
1622 425 1775 462 aure.

409 511 511 566 per
554 499 732 546 totum
777 492 882 546 hoc
925 499 1143 562 tempus
1189 493 1492 547 subiectior
1532 493 1592 547 in
1638 493 1783 546 diem
1826 500 1885 547 et
1926 493 2124 547 horam

409 576 654 634 invidiae
698 584 906 631 noster.
953 577 1112 632 ludos
1157 578 1488 648 spectaverit
1530 595 1658 643 una,

410 663 608 718 luserit
646 661 706 716 in
752 679 977 734 campo:
1024 660 1327 718 ‘Fortunae
1370 663 1533 717 filius’
1578 679 1789 717 omnes.

284 755 367 804 50
417 747 656 820 frigidus
701 766 734 801 a
776 747 972 801 rostris
1017 757 1206 801 manat
1248 767 1347 819 per
1389 747 1629 821 compita
1672 765 1888 801 rumor:

411 833 726 906 quicunque
768 831 962 886 obvius
1007 841 1110 897 est,
1156 851 1245 887 me
1290 834 1559 889 consulit:
1608 832 1658 887 ‘o
1702 834 1847 888 bone
1885 862 1971 872 -—-
2005 851 2137 887 nam
2171 841 2233 889 te

413 918 575 984 scire,
619 920 756 972 deos
801 917 1061 990 quoniam
1103 917 1335 989 propius
1380 917 1673 990 contingis,
1717 928 1943 988 oportet
1984 946 2089 984 —-‚

411 1002 682 1074 numquid
727 1005 798 1056 de
841 1001 1012 1058 Dacis
1057 1003 1322 1058 audisti‘?’
1367 1003 1447 1058 nil
1490 1003 1769 1076 equidem.
1816 1001 1897 1059 ‘ut
1942 1013 2003 1059 tu

418 1106 640 1160 semper
683 1087 791 1142 eris
837 1087 1086 1143 derisor?
1131 1097 1188 1142 at
1234 1107 1423 1144 omnes
1468 1089 1526 1143 di
1570 1087 1859 1158 exagitent
1900 1107 2011 1152 me,

287 1182 368 1233 55
417 1175 463 1230 si
509 1173 823 1245 quicquam.
870 1171 1065 1246 ‘quid?
1108 1173 1378 1228 militibus
1420 1174 1693 1245 promissa
1738 1173 2041 1246 Triquetra

415 1259 644 1334 praedia
687 1257 906 1325 Caesar,
951 1277 1024 1312 an
1067 1267 1152 1313 est
1193 1259 1339 1313 Itala
1381 1260 1582 1314 tellure
1627 1261 1856 1314 daturus
1868 1260 1913 1312 ‘P‘

418 1346 690 1400 iurantem
738 1362 826 1398 me
870 1343 1010 1398 scire
1055 1343 1192 1398 nihil
1238 1343 1510 1399 mirantur
1552 1352 1617 1398 ut
1658 1361 1829 1400 unum

419 1429 634 1486 scilicet
675 1428 886 1500 egregii
929 1429 1216 1483 mortalem
1262 1431 1471 1501 altique
1516 1429 1722 1486 silenti.

419 1515 674 1589 porgitur
716 1514 853 1568 haec
894 1514 1042 1568 inter
1083 1514 1285 1570 misero
1330 1515 1449 1582 lux,
1496 1533 1609 1570 non
1655 1515 1779 1571 sine
1823 1515 2006 1570 votis:

293 1609 374 1662 60
422 1619 457 1655 o
500 1619 613 1666 rus,
663 1601 885 1670 quando
929 1617 1036 1671 ego
1079 1609 1137 1653 te
1182 1600 1461 1672 aspiciam,
1508 1604 1844 1675 quandoque
1890 1600 2083 1656 licebit

423 1702 570 1739 nunc
613 1694 864 1738 veterum
906 1684 1084 1752 libris,
1130 1704 1277 1739 nunc
1322 1701 1513 1740 somno
1558 1694 1615 1740 et
1657 1687 1931 1742 inertibus
1975 1685 2127 1741 horis

424 1775 628 1825 ducere
673 1770 942 1824 sollicitae
985 1769 1228 1825 iucunda
1270 1771 1477 1826 oblivia
1523 1771 1712 1826 vitae?

427 1875 460 1909 o
507 1856 728 1927 quando
774 1854 900 1910 faba
945 1855 1296 1927 Pythagorae
1340 1865 1573 1926 cognata
1616 1856 1890 1928 simulque

427 1949 598 1996 uncta
639 1940 782 1995 fabis
828 1941 1022 2012 pingui
1067 1950 1345 2012 ponentur
1389 1943 1635 1996 oluscula
1679 1943 1880 1998 lardo?

297 2032 377 2084 65
432 2045 465 2080 0
511 2033 702 2080 noctes
751 2043 1034 2098 cenaeque
1081 2028 1261 2093 deum,
1308 2027 1508 2099 quibus
1555 2027 1676 2099 ipse
1719 2029 1941 2100 meique

427 2120 556 2166 ante
584 2111 784 2165 Larem
829 2111 1114 2183 proprium
1157 2129 1353 2167 vescor
1394 2131 1705 2184 vernasque
1748 2112 1995 2185 procacis

427 2214 596 2269 pasco
640 2195 828 2249 libatis
872 2195 1124 2267 dapibus,
1168 2207 1337 2269 prout
1379 2199 1578 2269 cuique
1624 2198 1799 2253 libido
1846 2207 1947 2264 est,

429 2282 602 2336 siccat
643 2281 948 2352 inaequalis
995 2281 1190 2336 calices
1223 2283 1458 2338 conviva
1501 2283 1715 2338 solutus

434 2365 651 2438 legibus
696 2365 924 2434 insanis,
971 2385 1068 2420 seu
1113 2366 1237 2439 quis
1283 2369 1431 2440 capit
1474 2368 1619 2422 acria
1662 2369 1823 2424 fortis

309 2458 389 2508 70
438 2452 654 2524 pocula,
701 2469 802 2504 seu
845 2451 1074 2506 modicis
1117 2453 1331 2507 uvescit
1375 2454 1592 2508 laetius.
1642 2473 1773 2526 ergo

439 2555 620 2591 sermo
665 2535 860 2604 oritur,
905 2555 1016 2591 non
1062 2538 1132 2592 de
1174 2538 1321 2592 villis
1368 2539 1691 2594 domibusve
1735 2536 1947 2605 alienis,

437 2639 544 2676 ncc
586 2622 730 2676 male
775 2639 949 2676 necne
965 2623 1146 2693 Lepos
1193 2624 1380 2692 saltet,
1426 2626 1525 2679 sed
1569 2626 1718 2696 quod
1760 2624 1937 2695 magis
1982 2625 2053 2677 ad
2096 2641 2197 2679 nos

440 2707 684 2779 pertinet
727 2715 786 2762 et
825 2707 1040 2763 nescire
1083 2708 1289 2762 malum
1334 2717 1421 2764 est
1462 2709 1755 2780 agitamuS,
1802 2717 2061 2763 utrumne

437 2792 646 2847 divitiis
691 2792 941 2847 homines
986 2811 1056 2847 an
1101 2793 1211 2848 sint
1256 2795 1460 2852 virtute
1505 2795 1678 2862 beati,

315 2883 391 2932 75
441 2879 646 2950 quidve
691 2880 760 2936 ad
803 2877 1089 2944 amicitias,
1133 2897 1265 2933 usus
1310 2889 1611 2942 rectumne,
1656 2881 1841 2934 trahat
1884 2897 2007 2945 nos,

441 2974 500 3018 et
542 2982 686 3037 quae
731 2963 804 3016 sit
845 2973 1044 3018 natura
1089 2964 1219 3020 boni
1264 2982 1643 3037 summumque
1688 2965 1821 3037 quid
1864 2964 2007 3018 eius.

445 3049 672 3104 Cervius
718 3050 856 3103 haec
901 3049 1047 3104 inter
1083 3049 1303 3105 vicinus
1348 3051 1522 3122 garrit
1564 3051 1725 3104 anilis

445 3151 517 3188 ex
561 3155 620 3190 re
662 3135 910 3192 fabellas.
959 3135 1130 3206 siquis
1176 3137 1537 3190 nam.laudat
1580 3135 1759 3188 Arelli

445 3220 710 3274 sollicitas
754 3220 976 3289 ignarus
1021 3239 1175 3292 opes,
1222 3220 1303 3274 sic
1346 3220 1572 3292 incipit:
1622 3219 1775 3274 ‘olim

315 3310 395 3359 80
443 3305 682 3358 rusticus
727 3307 997 3359 urbanum
1041 3325 1267 3359 murem.
1296 3325 1415 3361 mus
1462 3323 1707 3381 paupere
1751 3303 1927 3358 fertur

445 3390 722 3460 accepisse
767 3407 924 3457 cave,
969 3401 1214 3446 veterem
1261 3401 1421 3444 veturs
1466 3392 1667 3462 hospes
1712 3389 1965 3456 amicum,
