2459 3959
285 290 411 351 138
1029 293 1483 352 SATIRARVM

287 795 360 846 :30

287 1223 359 1272 35

284 1648 359 1698 40

282 2077 356 2126 45

412 450 690 514 doctores,
735 447 1011 504 elementa
1053 448 1235 503 velint
1280 453 1345 501 ut
1390 445 1606 500 discere
1648 442 1853 515 prima:

409 535 510 590 sed
551 542 738 588 tamen
781 542 966 589 amoto
1011 550 1341 606 quaeramus
1386 530 1535 587 seria
1576 530 1731 584 ludo·

407 620 504 675 ille
547 637 772 691 gravem
819 619 958 673 duro
1005 619 1102 692 qui
1144 628 1352 674 terram
1396 616 1563 671 vertit
1606 622 1810 680 aratro,

409 705 652 779 perfidus
697 703 788 757 hic
834 720 1030 775 caupo,
1077 705 1239 759 miles
1285 711 1597 774 nautaeque
1643 717 1745 772 per
1788 717 1949 752 omne

409 791 643 846 audaces
687 807 836 842 mare
881 789 975 860 qui
1021 798 1269 854 currunt,
1313 789 1417 842 hac
1460 794 1643 840 mente
1684 785 1932 838 laborem

410 893 532 931 sese
576 875 740 941 ferre,
787 893 946 930 senes
991 883 1054 928 ut
1095 875 1154 930 in
1199 874 1317 928 otia
1360 881 1482 927 tuta.
1522 871 1809 935 recedant,

409 960 587 1028 aiunt,
634 977 756 1014 cum
801 958 907 1014 sibi
951 959 1066 1014 sint
1108 966 1375 1032 congesta
1421 956 1656 1012 cibaria:
1702 955 1845 1010 sicut

407 1046 651 1118 parvola,
697 1063 824 1099 nam
869 1046 1124 1118 exemplo
1169 1053 1276 1113 est,
1322 1041 1508 1116 magni
1550 1040 1780 1096 formica
1821 1041 2027 1095 laboris

409 1149 505 1187 ore
547 1129 716 1185 trahit
759 1131 1129 1204 quodcunque
1172 1138 1363 1202 potest
1404 1138 1573 1200 atque
1616 1127 1774 1182 addit
1816 1145 2015 1181 acervo

409 1234 575 1290 quem
619 1215 800 1282 struit,
845 1216 994 1270 haud
1037 1215 1232 1288 ignara
1276 1233 1341 1270 ac
1384 1234 1498 1269 non
1540 1213 1763 1268 incauta
1802 1213 1992 1267 futuri.

407 1319 568 1375 quae,
614 1300 779 1355 simul
821 1301 1100 1356 inversum
1143 1301 1436 1357 contristat
1477 1298 1757 1371 Aquarius
1801 1317 2022 1365 annum,

411 1405 525 1442 non
569 1404 801 1458 usquam
843 1387 1096 1459 prorepit
1139 1397 1196 1442 et
1238 1385 1350 1442 illis
1396 1386 1569 1441 utitur
1613 1391 1742 1439 ante

408 1471 676 1545 quaesitis
721 1471 957 1543 sapiens,
1005 1491 1128 1528 cum
1171 1486 1228 1527 te
1273 1489 1455 1542 neque
1498 1470 1743 1526 fervidus
1784 1476 1970 1523 aestus

407 1559 697 1612 demoveat
737 1557 913 1626 lucr0,
958 1576 1139 1629 neque
1169 1557 1347 1612 hiems
1376 1556 1541 1628 ignis,
1585 1573 1735 1610 mare
1777 1555 2006 1622 ferrum,

410 1643 491 1698 nil
534 1644 718 1698 obstet
761 1642 884 1710 tibi,
931 1645 1061 1698 dum
1105 1661 1176 1697 ne
1221 1642 1295 1696 sit
1336 1651 1394 1697 te
1440 1641 1609 1696 ditior
1640 1641 1801 1696 alter.

405 1728 541 1801 quid
583 1728 738 1782 iuvat
779 1727 1090 1783 inmensum
1132 1737 1190 1782 te
1234 1727 1453 1800 argenti
1494 1729 1711 1800 pondus
1756 1733 1815 1782 et
1858 1726 1978 1780 auri

404 1813 593 1869 furtim
635 1815 856 1868 defossa
895 1813 1152 1868 timidum
1199 1814 1479 1884 deponere
1522 1812 1715 1867 terra?

408 1897 597 1972 ‘quod,
645 1899 692 1953 si
735 1898 1074 1965 conminuas,
1119 1897 1285 1952 vilem
1329 1899 1615 1970 redigatur
1657 1897 1731 1951 ad
1774 1896 1989 1951 assem.’

404 1994 464 2040 at
506 1984 564 2040 ni
607 1985 667 2038 id
709 1985 792 2050 fit,
835 1984 972 2056 quid
1015 1985 1184 2038 habet
1227 1983 1444 2054 pulchri
1486 1990 1833 2038 constructus
1876 1982 2143 2037 acervus?

405 2071 558 2128 milia
599 2069 861 2125 frumenti
901 2075 1000 2123 tua
1039 2067 1259 2124 triverit
1301 2087 1431 2124 area
1472 2077 1713 2136 centum,

405 2174 519 2210 non
561 2163 690 2210 tuus
733 2155 838 2210 hoo
881 2154 1064 2227 capiet
1106 2162 1304 2210 venter
1347 2154 1473 2226 plus
1517 2173 1581 2208 ac
1624 2171 1815 2210 meus:
1860 2162 1923 2208 ut
1966 2153 2014 2207 si

403 2241 697 2296 reticulum
741 2239 898 2311 panis
944 2240 1156 2295 venalis
1199 2239 1349 2295 inter
1392 2249 1591 2294 onusto

313 2330 320 2343 '
397 2326 541 2382 forte
585 2327 752 2381 vehas
795 2343 1002 2391 umere,
1045 2325 1220 2380 nihilo
1263 2326 1390 2398 plus
1434 2325 1669 2398 accipias
1712 2343 1877 2396 quam

278 2503 354 2552 50

279 2928 354 2978 55

280 3351 354 3403 60

401 2411 499 2484 qui
541 2411 620 2466 nil
661 2411 917 2483 portarit.
962 2411 1052 2465 vel
1095 2411 1188 2466 dic
1231 2410 1367 2482 quid
1410 2411 1616 2466 referat
1656 2410 1807 2465 intra

401 2503 632 2551 naturae
673 2494 798 2550 finis
840 2495 1070 2563 viventi,
1113 2497 1311 2568 iugera
1352 2505 1570 2552 centum
1614 2514 1686 2550 an

401 2581 550 2636 mille
593 2581 752 2638 aret?
799 2577 876 2636 ‘at
919 2599 1089 2637 suave
1132 2590 1218 2636 est
1260 2600 1331 2636 ex
1372 2599 1574 2654 magno
1616 2581 1813 2636 tollere
1855 2572 2097 2635 acervo.’

400 2670 532 2722 dum
573 2686 645 2722 ex
687 2685 858 2740 parvo
902 2666 1064 2722 nobis
1107 2669 1435 2722 tantundem
1478 2667 1701 2722 haurire
1742 2665 2042 2737 relinquas,

403 2769 502 2808 cnr
545 2759 642 2807 tua
682 2754 806 2825 plus
849 2753 1040 2808 laudes
1085 2751 1321 2807 cumeris
1364 2753 1621 2824 granaria
1662 2751 1905 2807 nostris?

401 2847 466 2892 ut
505 2837 610 2894 tibi
651 2837 698 2892 si
741 2838 816 2892 sit
857 2855 998 2910 opus
1042 2837 1243 2910 liquidi
1284 2855 1395 2892 non
1440 2837 1679 2910 amplius
1723 2855 1861 2892 urna

401 2923 494 2979 vel
539 2923 752 2995 cyatho,
797 2930 856 2978 et
899 2922 1048 2978 dicas
1093 2923 1313 2996 ‘magno
1356 2926 1425 2978 de
1470 2923 1696 2979 flumine
1738 2923 1943 2988 malim,

403 3026 565 3082 quam
608 3026 682 3064 ex
722 3009 828 3062 hoc
867 3008 1136 3064 fonticulo
1178 3011 1503 3064 tantundem
1546 3009 1801 3065 sumere.’
1842 3027 1913 3064 eo
1953 3009 2038 3078 fit,

404 3094 623 3167 plenior
664 3101 728 3148 ut
770 3093 958 3167 siquos
1003 3097 1247 3150 delectet
1288 3095 1447 3167 copia
1487 3094 1653 3163 iusto,

403 3196 528 3234 cum
569 3179 690 3251 ripa
733 3178 897 3234 simul
939 3181 1156 3235 avolsos
1198 3181 1344 3235 ferat
1384 3181 1619 3234 Aufidus
1664 3197 1807 3236 acer.

405 3272 464 3318 at
507 3265 604 3336 qui
643 3264 848 3319 tantuli
891 3274 1024 3337 eget
1066 3273 1275 3338 quanto
1319 3275 1405 3320 est
1446 3285 1605 3338 opus,
1650 3265 1700 3322 is
1743 3283 1923 3338 neque
1966 3267 2100 3322 limo

400 3351 676 3405 turbatam
721 3349 906 3404 haurit
949 3366 1166 3422 aquam,
1213 3368 1396 3422 neque
1439 3351 1614 3406 vitam
1666 3350 1871 3408 amittit
1914 3353 1971 3408 in
2014 3351 2205 3410 undis.

400 3441 462 3488 at
501 3434 650 3487 bona
687 3451 818 3505 pars
862 3435 1145 3490 hominum
1190 3437 1424 3506 decepta
1466 3436 1725 3509 cupidine
1763 3437 1904 3492 falso

274 3552 310 3594 ις.
401 3514 499 3573 ‘nil
541 3517 678 3574 satis
721 3519 823 3574 est’
863 3518 1064 3593 inquit,
1111 3520 1261 3594 ‘quia
1301 3521 1443 3576 tanti
1487 3531 1754 3594 quantum
1795 3523 1999 3580 habeas
2044 3523 2171 3582 sis?
