2459 3959
596 862 1830 939 EPISTVLARVM

917 1018 1496 1073 LtssERPRIMvs

1190 1200 1223 1253 1

358 1344 549 1399 Prima
591 1344 741 1399 dicte
784 1344 937 1411 mihi,
984 1364 1197 1401 summa
1241 1346 1476 1401 dicende
1523 1346 1781 1413 Camena,

362 1438 673 1501 spectatum
718 1430 851 1484 satis
896 1440 952 1485 et
996 1433 1261 1486 donatum
1304 1432 1414 1485 iam
1458 1434 1596 1486 rude
1644 1429 1882 1503 quaeris,

358 1516 677 1583 Maecenas,
724 1516 927 1571 iterum
970 1518 1200 1589 antiquo
1246 1536 1334 1572 me
1379 1517 1666 1571 includere
1699 1516 1865 1569 ludo·

366 1620 479 1655 non
522 1602 717 1655 eadem
762 1611 847 1657 est
890 1611 1063 1669 aetas,
1110 1622 1221 1657 non
1268 1620 1446 1657 mens.
1493 1601 1778 1668 Veianius,
1825 1602 1990 1657 armis

284 1693 319 1740 5
366 1686 627 1741 Herculis
670 1689 740 1757 ad
784 1696 999 1760 postem
1042 1690 1189 1754 fixis,
1235 1688 1374 1743 latet
1415 1690 1635 1743 abditus
1681 1706 1836 1759 agrn,

367 1789 439 1827 ne
482 1772 749 1843 populum
794 1782 1039 1828 extrema
1083 1774 1288 1828 totiens
1332 1782 1526 1829 exoret
1569 1791 1754 1830 arena.

369 1865 457 1911 est
499 1857 633 1911 mihi
675 1870 968 1931 purgatam
1014 1861 1208 1915 crebro
1255 1860 1352 1931 qui
1396 1867 1660 1931 personet
1706 1878 1894 1914 aurem

372 1938 545 1997 ‘solve
591 1955 969 2000 senescentem
1014 1954 1227 1999 mature
1275 1964 1439 1999 sanus
1485 1964 1709 2018 equum,
1756 1964 1828 1998 ne

367 2034 566 2099 peccet
606 2031 677 2082 ad
721 2039 1026 2085 extremum
1070 2031 1334 2085 ridendus
1379 2039 1436 2085 et
1475 2031 1572 2084 ilia
1615 2030 1817 2085 ducat)

243 2120 322 2169 10
372 2130 519 2167 nunc
562 2114 751 2186 itaque
796 2128 855 2171 et
896 2134 1089 2170 versus
1135 2126 1192 2171 et
1237 2126 1420 2171 cetera
1463 2116 1678 2169 ludicra
1721 2132 1909 2186 pono:

371 2199 507 2271 quid
530 2216 720 2253 verum
736 2210 903 2273 atque
918 2204 1142 2268 decens,
1171 2218 1304 2256 curo
1327 2212 1383 2257 et
1403 2220 1538 2273 rogo
1557 2209 1614 2255 et
1636 2200 1813 2255 omnis
1835 2200 1894 2253 in
1911 2202 2016 2253 hoc
2033 2216 2183 2251 sum:

371 2286 549 2339 condo
594 2295 653 2339 et
694 2303 949 2359 conpono
992 2304 1135 2360 quae
1180 2306 1311 2342 mox
1357 2290 1682 2359 depromere
1725 2286 1951 2357 possim.

372 2389 435 2425 ac
478 2388 550 2425 ne
592 2370 737 2425 forte
780 2391 945 2445 roges
990 2391 1101 2445 quo
1148 2390 1236 2427 me
1281 2375 1439 2441 duce,
1485 2390 1596 2443 quo
1640 2372 1758 2425 lare
1803 2380 1977 2426 tuter:

367 2456 570 2511 nullius
617 2458 870 2513 addictus
914 2459 1095 2513 iurare
1138 2458 1197 2512 in
1243 2461 1414 2513 verba
1456 2456 1728 2528 magistri,

241 2550 317 2598 15
368 2560 479 2614 quo
522 2561 611 2597 me
656 2559 874 2615 cunque
917 2543 1064 2617 rapit
1106 2551 1430 2616 tempestae,
1478 2544 1700 2597 deferor
1741 2544 1962 2615 hospes.

368 2645 517 2683 nunc
558 2627 719 2699 agilis
764 2631 837 2683 fio
883 2638 940 2683 et
983 2648 1195 2684 mersor
1238 2629 1492 2684 civilibus
1537 2628 1720 2695 undis,

244 2720 319 2770 19
370 2720 427 2767 et
468 2713 606 2769 mihi
647 2732 756 2780 res,
803 2732 914 2769 non
957 2733 1045 2769 me
1091 2716 1258 2769 rebus
1305 2716 1638 2785 subiungere
1683 2730 1872 2781 conor,

242 2807 317 2855 17
367 2799 589 2854 virtutis
634 2818 801 2855 verae
846 2809 1033 2855 custos
1076 2801 1406 2873 rigidusque
1451 2801 1707 2865 satelles3

244 2892 320 2941 18
368 2902 516 2939 nunc
559 2885 617 2939 in
660 2885 936 2958 Aristippi
978 2886 1169 2941 furtim
1212 2895 1512 2959 praecepta
1553 2884 1794 2938 relabor.

242 2973 323 3027 20
369 2978 434 3023 ut
474 2989 590 3026 nox
632 2971 802 3042 longa
845 2971 1047 3043 quibus
1091 2972 1360 3025 mentitur
1403 2971 1601 3037 amica,
1645 2969 1878 3041 diesque

368 3056 539 3126 longa
580 3057 803 3111 videtur
846 3076 985 3129 opus
1032 3058 1384 3123 debentibuS,
1429 3065 1492 3110 ut
1533 3056 1693 3126 piger
1739 3072 1914 3108 annus

366 3140 594 3213 pupillis
640 3159 781 3213 quos
825 3144 965 3197 dura
1007 3144 1210 3216 premit
1255 3142 1506 3198 custodia
1549 3148 1802 3205 matrum,

368 3226 446 3281 sic
490 3226 624 3280 mibi
666 3230 828 3281 tarda
870 3231 1052 3283 fluunt
1095 3230 1427 3301 ingrataque
1471 3236 1724 3298 tempora
1769 3242 1909 3297 quae
1957 3240 2112 3297 spem

368 3311 773 3386 consiliumque
818 3322 1107 3369 morantur
1149 3314 1354 3387 agendi
1398 3312 1652 3385 gnaviter
1695 3310 1755 3365 id
1800 3313 1949 3383 quod

249 3402 323 3451 25
372 3388 559 3468 aeque'
588 3399 926 3471 pauperibus
970 3402 1217 3472 prodest,
1264 3398 1635 3471 locupletibus
1681 3414 1878 3469 aeque,

367 3499 543 3553 aeque
586 3485 900 3555 neglectum
941 3486 1129 3557 pueris
1176 3486 1510 3557 senibusque
1553 3483 1794 3537 nocebit.

366 3575 541 3623 restat
582 3577 644 3624 ut
684 3570 771 3624 his
816 3588 922 3641 ego
964 3588 1055 3625 me
1096 3570 1217 3643 ipse
1261 3588 1452 3643 regam
1495 3570 1752 3641 solerque
1796 3564 2100 3623 elementis.
