2459 3959
274 252 405 315 216
972 255 1536 313 EPISTVLARVM

408 411 589 468 laetus
632 417 783 466 sorte
822 417 923 465 tua
962 411 1119 467 vives
1164 412 1470 484 sapienter,
1515 412 1712 480 Aristi,

281 504 357 553 45
408 514 515 553 nec
555 513 645 551 me
688 493 943 551 dimittes
976 496 1391 569 incastigatum‚
1435 498 1534 553 ubi
1577 498 1738 572 plura

406 599 609 655 cogere
653 599 821 655 quam
864 582 997 637 satis
1042 591 1129 639 est
1170 600 1239 637 ac
1281 601 1395 639 non
1439 601 1655 639 cessare
1699 584 1961 640 videbor.

404 666 642 740 imperat
686 674 783 721 aut
826 668 1000 723 servit
1042 669 1296 723 conlecta
1337 670 1578 741 pecunia
1620 670 1845 743 cuique,

406 760 614 807 tortum
657 753 827 824 digna
872 752 1031 826 sequi
1074 753 1264 826 potius
1309 772 1477 826 quam
1524 758 1728 811 ducere
1769 756 1982 812 funem.

402 838 543 893 haec
584 838 691 893 tibi
735 836 1015 893 dictabam
1057 848 1187 911 post
1226 840 1420 894 fanum
1463 850 1628 914 putre
1670 842 1960 909 Vacunae,

282 928 359 979 50
410 931 651 997 excepto
694 925 847 997 quod
888 942 1001 979 non
1045 924 1211 979 simul
1255 942 1407 981 esses
1451 935 1641 983 cetera
1681 926 1880 983 laetus.

1204 1206 1300 1263 XI

406 1349 559 1416 Quid
602 1350 705 1407 tibi
747 1352 868 1407 visa
910 1350 1098 1420 Chios,
1144 1352 1378 1420 Bullati‚
1425 1362 1669 1427 notaque
1711 1355 1944 1423 Lesbos,

398 1436 535 1508 quid
581 1437 854 1493 concinna
898 1440 1131 1507 Samos3
1178 1439 1316 1511 quid
1362 1439 1555 1495 Croesi
1595 1440 1754 1513 ‘regia
1799 1440 2012 1507 Sardis,

395 1521 631 1594 Smyrna
674 1523 810 1596 quid
854 1531 914 1579 et
958 1523 1288 1596 Colophon?
1331 1524 1540 1579 maiora
1583 1525 1870 1583 minorane
1910 1526 2101 1582 fama?

292 1616 311 1659 ‘‚
394 1616 665 1663 cunctane
708 1628 844 1681 prae
888 1626 1083 1681 campo
1130 1618 1187 1665 et
1231 1609 1500 1665 Tiberino
1543 1612 1770 1667 flumine
1817 1611 2088 1668 sordent?

310 1699 343 1747 5
392 1710 463 1746 an
506 1693 661 1747 venit
702 1694 763 1749 in
806 1702 998 1751 votum
1040 1695 1304 1751 Attalicis
1349 1713 1422 1749 ex
1463 1696 1693 1751 urbibus
1738 1714 1868 1759 una.

390 1796 462 1831 an
505 1778 793 1834 Lebedum
837 1781 1032 1835 laudas
1076 1781 1207 1835 odio
1251 1781 1416 1836 maris
1463 1791 1630 1854 atque
1669 1781 1920 1837 viarum?

390 1861 517 1919 ‘scis
560 1864 823 1919 Lebedus
866 1865 1002 1938 quid
1046 1865 1139 1920 sit.
1186 1866 1381 1921 Gabiis
1428 1868 1699 1923 desertior
1745 1878 1912 1941 atque

396 1948 627 2005 Fidenis
671 1950 856 2005 vicus:
900 1960 1087 2006 tamen
1132 1951 1250 2007 illic
1293 1954 1482 2008 vivere
1526 1954 1730 2008 vellem

394 2033 713 2107 oblitusque
756 2054 1006 2091 meorum
1048 2037 1460 2093 obliviscendus
1505 2046 1564 2093 et
1607 2037 1718 2093 illis

272 2122 347 2175 10
390 2120 716 2193 Neptunum
760 2123 955 2194 procul
1002 2139 1033 2176 e
1075 2130 1228 2176 terra
1273 2132 1526 2195 spectare
1570 2123 1886 2179 furentem.’

395 2208 495 2261 sed
540 2224 723 2279 neque
768 2207 865 2279 qui
912 2208 1105 2279 Capua
1146 2207 1378 2263 Romam
1425 2208 1584 2281 petit,
1627 2208 1806 2263 imbre
1850 2210 2082 2283 lutoque

393 2293 711 2364 adspersus,
758 2294 914 2347 volet
956 2293 1014 2347 in
1037 2296 1312 2366 'caupona
1355 2294 1573 2361 vivere;
1617 2312 1722 2351 nec
1766 2294 1864 2369 qui

388 2376 565 2449 frigus
610 2377 873 2449 conlegit,
918 2379 1111 2433 furnos
1158 2386 1217 2433 et
1261 2379 1460 2435 balnea
1502 2380 1696 2434 laudat

388 2471 455 2517 ut
495 2462 829 2518 fortunatam
872 2464 1041 2535 plene
1082 2465 1424 2536 praestantia
1465 2465 1675 2533 vitam;

268 2553 339 2602 15
388 2564 497 2604 nec
540 2547 589 2603 si
630 2557 689 2603 te
732 2549 951 2603 validus
996 2548 1286 2605 iactaverit
1329 2558 1514 2606 auster
1555 2550 1616 2605 in
1657 2548 1792 2619 alto,

389 2633 599 2689 idcirco
642 2633 826 2689 navim
870 2642 1023 2690 trans
1065 2636 1357 2706 Aegaeum
1397 2654 1552 2691 mare
1593 2638 1825 2693 vendas.
1859 2653 1864 2659 ’

392 2718 660 2775 incolumi
700 2720 931 2775 Rhodos
978 2727 1035 2775 et
1076 2720 1356 2791 Mytilene
1399 2722 1632 2793 pulchra
1672 2720 1812 2776 facit
1855 2722 2008 2795 quod

392 2805 634 2876 paenula
676 2804 940 2873 solstitio,
986 2815 1297 2877 campestre
1339 2806 1619 2861 nivalibus
1663 2805 1832 2872 auris,

394 2906 499 2961 per
540 2892 792 2945 brumam
837 2889 1083 2958 Tiberis,
1132 2890 1323 2946 sextili
1367 2909 1561 2947 mense
1605 2891 1875 2949 caminus.

277 2978 352 3028 20
400 2976 531 3029 dum
575 2973 708 3031 licet
750 2994 816 3032 ac
857 2978 1073 3031 voltum
1118 2984 1312 3032 servat
1354 2977 1602 3032 Fortuna
1646 2976 1975 3049 benignum,

396 3061 610 3117 Romae
654 3060 916 3117 laudetur
958 3064 1151 3117 Samos
1196 3069 1255 3116 et
1301 3062 1468 3118 Chios
1514 3070 1571 3117 et
1614 3063 1845 3119 Rhodos
1891 3062 2118 3117 absens.

397 3154 461 3201 tu
505 3164 893 3219 quamcunque
936 3149 1073 3202 deus
1118 3147 1224 3201 tibi
1268 3147 1636 3203 fortunaverit
1677 3149 1871 3203 horam

398 3239 560 3303 grata
604 3249 761 3286 sume
802 3250 993 3302 manu,
1038 3251 1151 3287 neu
1196 3232 1386 3287 dulcia
1429 3234 1590 3288 differ
1633 3232 1690 3288 in
1736 3250 1979 3301 annum3

396 3324 480 3385 ut,
525 3334 859 3389 quocunque
903 3318 1027 3373 loco
1071 3318 1267 3386 fueris,
1311 3317 1522 3374 vixisse
1566 3318 1809 3374 libenter

272 3406 347 3455 25
395 3410 453 3456 te
498 3402 670 3455 dicas.
716 3420 843 3457 nam
887 3402 938 3458 si
979 3404 1125 3457 ratio
1174 3410 1232 3457 et
1277 3402 1578 3475 prudentia
1623 3421 1803 3471 curas,

399 3503 511 3541 non
552 3486 709 3541 locus
753 3487 914 3543 effusi
955 3488 1071 3544 late
1116 3488 1284 3542 maris
1336 3489 1550 3543 arbiter
1592 3489 1792 3559 aufert,
