2459 3959
302 299 386 363 28
1007 335 1012 340 ·
1065 293 1488 363 cARmNV‘M

1157 483 1398 540 XXXII

426 629 727 686 Poscimur.
774 630 957 704 siquid
1002 631 1160 686 vacui
1205 634 1309 688 sub
1354 632 1549 685 umbra

429 716 658 772 lusimus
705 726 899 785 tecum,
934 718 1099 789 'quod
1144 726 1200 772 et
1244 719 1392 772 hunc
1435 715 1494 769 in
1540 733 1745 770 annum

424 802 578 857 vivat
619 810 678 856 et
719 803 912 874 pluris,
960 821 1064 873 age
1109 802 1199 857 dic
1242 802 1521 869 Latinum,

548 886 787 956 bai-bite,
833 905 1074 956 carmen,

342 1022 374 1072 δ
421 1016 625 1072 Lesbio
669 1016 909 1088 primum
951 1016 1235 1069 modulate
1280 1014 1404 1082 civi,

427 1101 523 1174 qui
563 1102 722 1156 ferox
765 1102 931 1168 bellu,
976 1109 1164 1156 tamen
1208 1101 1355 1155 inter
1398 1117 1551 1154 arma

427 1188 542 1242 sive
585 1187 848 1241 iactatam
891 1187 1154 1258 religarat
1198 1188 1311 1241 udo

551 1271 715 1327 litore
759 1273 964 1340 navim,

422 1398 688 1455 Liberum
731 1409 791 1454 et
833 1400 1042 1467 Musas,
1088 1402 1483 1472 Veneremque
1527 1407 1585 1454 et
1625 1398 1710 1453 illi

302 1491 375 1540 10
423 1503 642 1557 semper
684 1486 1010 1541 haerentem
1053 1505 1289 1559 puerum
1331 1487 1583 1554 canebat,

427 1579 486 1625 et
528 1571 736 1642 Lycum
781 1572 956 1644 nigris
1003 1573 1174 1628 oculis
1219 1572 1494 1644 nigroque

548 1656 699 1710 crine
745 1657 1024 1715 decorum.

422 1804 455 1840 o
499 1786 669 1840 decus
712 1785 926 1840 Phoebi
973 1794 1032 1841 et
1075 1786 1313 1857 dapibus
1359 1785 1601 1858 supremi

423 1879 584 1942 grata
625 1873 848 1925 testudo
892 1871 1064 1934 Iovis,
1111 1890 1142 1924 o
1190 1872 1443 1926 laborum

304 1964 375 2013 15
426 1957 587 2012 dulce
629 1955 870 2011 lenimen
915 1957 1318 2029 medicumque,
1366 1958 1517 2012 salve

547 2042 657 2097 rite
701 2043 941 2099 vocanti.

1131 2340 1403 2396 XXXIII

419 2503 576 2572 Albi,
621 2521 692 2557 ne
738 2503 926 2557 doleas
971 2503 1096 2575 plus
1139 2503 1311 2557 nimio
1354 2521 1566 2557 memor

419 2589 628 2645 inmitis
673 2589 969 2660 Glycerae,
1014 2608 1121 2643 neu
1167 2588 1497 2643 miserabilis

422 2679 682 2732 decantes
728 2677 916 2747 elegos
962 2693 1058 2729 cur
1101 2673 1207 2728 tibi
1251 2673 1433 2728 iunior

547 2763 698 2817 laesa
738 2763 1049 2833 praeniteat
1091 2760 1220 2814 fide.

339 2898 370 2946 5
417 2890 692 2960 insignem
737 2888 892 2944 tenui
934 2889 1116 2943 fronte
1161 2887 1435 2959 Lycorida

422 2975 550 3045 Cyri
596 2982 775 3029 torret
817 2993 990 3042 amor,
1041 2975 1214 3045 Cyrus
1258 2975 1315 3028 in
1362 2991 1615 3045 asperam

424 3061 665 3115 declinat
706 3060 982 3114 Pholoen:
1032 3063 1128 3114 sed
1171 3060 1324 3132 prius
1368 3060 1609 3133 Appulia

545 3145 845 3217 iungentur
889 3163 1122 3216 capreae
1167 3146 1315 3218 lupis

421 3291 584 3345 quam
627 3273 777 3346 turpi
819 3274 1030 3328 Pholoe
1075 3282 1271 3346 peccet
1314 3275 1589 3329 adultero-

302 3361 375 3414 10
421 3359 500 3412 sic
543 3358 718 3413 visum
763 3359 988 3426 Veneri,
1036 3360 1124 3414 cui
1167 3361 1355 3431 placet
1399 3359 1604 3429 inparis

419 3445 620 3498 formas
665 3453 832 3516 atque
877 3446 1089 3500 animos
1135 3447 1238 3499 sub
1282 3445 1413 3516 iuga
1456 3459 1630 3499 aenea

546 3547 710 3585 saevo
753 3530 976 3586 mittere
1020 3549 1143 3586 cum
1185 3530 1329 3585 ioco,
