2459 3959
901 312 1134 368 LIBER
1163 313 1243 368 ΙΙ.
1292 321 1452 368 4-—6
2047 311 2177 374 185

351 474 450 522 ten
495 467 708 538 lapides
752 465 934 520 varios
977 466 1255 522 lutulenta
1296 469 1491 522 radere
1535 469 1733 540 palma,

351 560 412 607 et
454 553 654 624 Tyrias
697 555 830 608 dare
875 551 1084 606 circum
1129 551 1305 608 inlota
1348 552 1547 607 toralia
1591 556 1783 622 vestis,

221 643 303 692 85
355 637 592 692 oblitum
636 647 844 710 quanto
891 655 1078 692 curam
1121 648 1513 710 sumptumque
1554 639 1825 696 minorem

350 723 491 777 haec
532 725 792 788 habeant,
834 729 992 776 tanto
1037 723 1301 794 reprendi
1344 723 1543 778 iustius
1586 723 1699 779 illis

352 825 497 879 quae
539 808 648 862 nisi
692 807 958 862 divitibus
1003 818 1287 880 nequeant
1329 808 1649 880 contingere
1694 804 1955 866 mensis?’

357 893 522 948 docte
565 892 709 961 Cati,
753 912 856 965 per
895 892 1196 948 amicitiam
1243 893 1513 966 divosque
1558 905 1785 967 rogatus

349 979 556 1033 ducere
599 997 686 1033 me
729 979 981 1032 auditum
1024 996 1222 1049 perges
1268 997 1599 1052 quocunque
1645 989 1946 1038 memento,

223 1070 304 1122 90
350 1080 480 1117 nam
525 1064 774 1136 quamvis
817 1063 1048 1118 memori
1091 1065 1299 1118 referas
1342 1064 1477 1119 mihi
1520 1073 1745 1136 pectore
1790 1079 2017 1135 cuncta,

349 1166 463 1204 non
506 1157 691 1204 tamen
735 1150 1010 1218 interpres
1053 1150 1385 1203 tantundem
1426 1150 1654 1206 iuveris.
1701 1152 1847 1206 adde

353 1234 568 1288 voltum
613 1235 972 1306 habitumque
1017 1233 1276 1298 hominis,
1325 1252 1491 1306 quem
1532 1243 1593 1288 tu
1639 1235 1845 1291 vidisse
1890 1239 2089 1294 beatus

355 1336 468 1374 non
514 1320 700 1390 magni
742 1319 960 1392 pendis,
1007 1319 1138 1390 quia
1181 1319 1449 1391 contigit:
1496 1332 1553 1375 at
1598 1321 1729 1374 mihi
1775 1340 1905 1378 cura

351 1422 464 1458 non
509 1403 802 1460 mediocris
844 1404 1008 1471 inest,
1051 1404 1222 1458 fontis
1267 1414 1331 1458 ut
1376 1405 1527 1459 adire
1571 1414 1813 1461 remotos

221 1495 301 1544 95
353 1497 521 1561 atque
565 1490 786 1544 haurire
830 1478 1044 1562 queam'
1074 1490 1226 1544 vitae
1270 1499 1570 1562 praecepta
1614 1493 1831 1547 beatae.

1190 1833 1247 1886 V

357 1999 484 2055 Hoc
527 2017 770 2072 quoque,
819 2000 1054 2064 Tiresia,
1099 2009 1323 2072 praeter
1366 2012 1590 2056 narrata
1634 2004 1847 2073 petenti

357 2087 652 2156 responde,
699 2085 900 2156 quibus
946 2086 1176 2140 amissas
1221 2105 1480 2158 reparare
1526 2105 1726 2159 queam
1770 2106 1860 2142 res

359 2170 570 2225 artibus
614 2180 782 2241 atque
826 2170 1026 2226 modis.
1071 2171 1207 2244 quid
1252 2173 1444 2226 rides?
1494 2169 1695 2228 ‘iamne
1741 2172 1936 2228 doloso

360 2274 471 2310 non
516 2255 648 2310 satis
695 2264 782 2310 est
823 2256 1068 2310 Ithacam
1112 2257 1305 2310 revehi
1350 2257 1668 2328 patriosque
1712 2257 1933 2329 penatis

279 2348 314 2396 ὁ
363 2340 613 2412 aspicere
628 2340 672 2394 ’θ’
715 2359 750 2394 o
793 2341 932 2396 nulli
977 2341 1271 2414 quicquam
1315 2342 1563 2407 mentite,
1610 2342 1769 2397 vides
1813 2352 1877 2397 ut

357 2427 542 2480 nudus
586 2425 860 2497 inopsque
903 2427 1128 2481 domum
1172 2429 1415 2494 redeam,
1460 2435 1517 2480 te
1559 2437 1719 2494 vate3
1766 2445 1948 2501 neque
1992 2428 2111 2484 illic

363 2521 464 2566 aut
506 2512 777 2584 apotheca
819 2511 1000 2583 pronis
1043 2511 1255 2566 intacta
1298 2520 1387 2566 est
1431 2521 1529 2566 aut
1570 2529 1761 2588 pecus.
1802 2513 1960 2586 atqui

360 2605 420 2651 et
463 2614 636 2670 genus
680 2600 738 2652 et
783 2596 977 2662 virtus,
1024 2597 1131 2651 nisi
1175 2615 1299 2652 cum
1343 2616 1423 2659 re,
1470 2598 1633 2652 vilior
1678 2599 1804 2669 alga
1846 2608 1951 2656 est.

365 2678 608 2754 ‘quando
653 2681 973 2754 pauperiem
1015 2682 1196 2736 missis
1242 2683 1567 2755 ambagibus
1610 2684 1824 2751 horres,

238 2772 314 2822 10
363 2767 551 2840 accipe
597 2785 708 2838 qua
750 2767 964 2822 ratione
1009 2785 1181 2839 queas
1226 2767 1517 2823 ditescere.
1577 2771 1773 2823 turdus

361 2852 478 2908 sive
523 2852 674 2907 aliud
716 2853 935 2924 privum
980 2852 1203 2906 dabitur
1246 2851 1369 2916 tibi,
1414 2852 1640 2909 devolet
1683 2853 1832 2916 illuc,

360 2956 450 2993 res
495 2937 592 2992 ubi
635 2955 838 3010 magna
879 2937 1040 3003 nitet,
1086 2937 1311 2991 domino
1356 2953 1521 2994 sene:
1568 2937 1753 2992 dulcia
1794 2955 1963 3007 poma

361 3032 420 3077 et
462 3041 824 3096 quoscunque
867 3024 1010 3078 feret
1051 3022 1232 3076 cultus
1276 3023 1380 3076 tibi
1424 3024 1627 3078 fundus
1671 3023 1934 3090 honores,

361 3117 490 3163 ante
534 3107 732 3162 Larem
774 3116 965 3178 gustet
1006 3107 1375 3162 venerabilior
1417 3107 1561 3163 Lare
1606 3107 1787 3162 dives:

239 3198 312 3248 15
362 3193 460 3266 qui
505 3193 758 3265 quamvis
801 3193 1054 3265 periurus
1100 3193 1224 3256 erit,
1272 3192 1392 3248 sine
1439 3201 1625 3266 gente,
1672 3201 1931 3248 cruentus

357 3278 627 3350 sanguine
670 3281 934 3342 fraterno,
977 3277 1265 3348 fugitivus,
1311 3296 1382 3332 ne
1426 3287 1609 3333 tamen
1654 3276 1738 3332 ini

358 3373 420 3418 tu
465 3380 648 3418 comes
697 3364 958 3428 exterior,
1003 3363 1052 3416 si
1097 3364 1363 3434 postulet,
1412 3363 1491 3418 ire
1538 3362 1805 3418 recuses-⁹

360 3457 494 3504 utne
537 3457 726 3521 tegam
767 3465 970 3521 spurco
1013 3447 1225 3503 Damae
1272 3449 1458 3503 latus?
1504 3450 1653 3503 haud
1698 3448 1793 3504 ita.
1820 3448 2026 3506 Troiae
