2459 3959
303 273 434 336 166
852 277 1503 335 SATIRABVM'LIB.
1532 278 1582 334 Ι.
1634 283 1712 334 10

349 437 428 489 85
479 432 814 505 contemptis
858 433 982 488 aliis
1028 433 1259 506 explosa
1302 432 1618 489 Arbuscula
1660 431 1829 488 dixit.

474 536 603 572 men
646 526 868 574 moveat
911 519 1090 574 cimex
1133 517 1426 584 Pantilius,
1472 526 1569 572 aut
1614 517 1826 574 cruciet
1870 519 2026 590 quod

479 602 704 659 vellicet
749 605 1035 660 absentem
1078 603 1421 670 Demetrius,
1468 610 1565 658 aut
1610 605 1760 676 quod
1802 603 2035 675 ineptus

475 687 722 744 Fannius
763 689 1137 762 Hermogenis
1181 689 1371 744 laedat
1421 689 1655 743 conviva
1698 688 1948 761 Tigelli?

474 773 694 829 Plotius
737 781 794 829 et
821 774 1044 843 Varius,
1087 775 1386 831 Maecenas
1429 773 1846 846 Vergiliusque,

355 863 430 914 90
477 858 714 930 Valgius
757 867 815 914 et
856 861 1060 932 probet
1101 862 1243 916 haec
1285 855 1547 914 Octavius
1592 859 1835 931 optimus
1879 867 2049 930 atque

477 945 712 1012 Fuscus,
760 951 818 998 et
861 946 998 1000 haec
1040 945 1253 1001 utinam
1288 943 1583 1000 Viscorum
1628 945 1821 999 laudet
1864 953 2132 1017 uterque.

476 1029 780 1084 ambitione
824 1031 1072 1102 relegata
1115 1041 1174 1086 te
1220 1030 1404 1084 dicere
1448 1047 1691 1102 possum,

476 1115 657 1180 Polio,
700 1122 783 1184 te,
825 1115 1116 1186 Messalla,
1162 1125 1262 1171 tuo
1306 1134 1433 1170 cum
1474 1115 1667 1182 fratre,
1712 1115 1989 1186 simulque

476 1219 594 1269 vos,
637 1198 841 1256 Bibule
886 1209 944 1256 et
989 1200 1169 1270 Servi,
1217 1200 1383 1256 simul
1426 1199 1515 1254 his
1558 1209 1635 1268 te,
1680 1200 1917 1256 candide
1962 1201 2185 1270 Furni,

353 1291 428 1342 95
478 1285 758 1358 conpluris
803 1285 960 1353 alios,
1005 1287 1198 1343 doctos
1245 1303 1351 1358 ego
1395 1302 1535 1358 quos
1578 1295 1637 1341 et
1680 1287 1885 1341 amicos

476 1372 724 1443 prudens
765 1380 1085 1444 praetereo:
1132 1370 1334 1445 quibus
1378 1371 1536 1438 haec,
1582 1379 1714 1426 sunt
1758 1370 2205 1444 qualiacunque,

478 1457 734 1513 adridere
777 1457 959 1525 νοΙίω,
1005 1458 1301 1524 doliturus,
1349 1455 1396 1510 si
1436 1456 1693 1526 placeant
1736 1475 1835 1528 spe

481 1542 726 1597 deterius
773 1551 981 1598 nostra.
1026 1542 1297 1608 Demetri,
1344 1549 1534 1612 teque,
1582 1541 1811 1613 Tigelli,

480 1627 876 1699 discipularum
917 1628 1065 1684 inter
1108 1628 1276 1682 iubeo
1320 1627 1541 1698 plorare
1586 1628 1896 1682 cathedras.

309 1713 434 1766 100
481 1712 500 1766 i
543 1731 683 1784 puer
726 1721 896 1785 atque
939 1732 1062 1769 meo
1109 1713 1248 1768 citus
1292 1714 1430 1767 haec
1474 1712 1759 1768 subscribe
1805 1712 2025 1770 libello.
