2459 3959
895 269 1131 326 LIBER
1172 269 1220 330 Ι.
1272 274 1350 327 10
1993 271 2123 336 165

271 430 482 494 arguta
521 423 814 479 meretrice
857 431 1018 496 potes
1063 425 1335 496 Davoque
1382 426 1681 481 Chremeta

277 509 545 563 eludente
590 527 780 564 senem
825 508 996 564 comis
1042 511 1256 581 garrire
1302 511 1533 566 libellos

108 594 219 647 50
277 612 424 647 unus
470 592 740 661 vivorum,
789 595 1082 661 Fundani3
1129 596 1290 650 Polio
1334 614 1525 668 regum

278 678 428 733 facta
473 678 622 733 canit
665 682 810 752 pede
853 689 943 734 ter
985 699 1276 752 percuss03
1324 685 1470 736 forte
1515 700 1649 753 epos
1697 700 1827 738 acer

282 772 348 817 ut
392 781 555 819 nemo
599 765 806 820 Varius
853 765 1042 832 ducit3
1087 767 1258 820 molle
1304 773 1471 838 atque
1515 767 1755 822 facetum

283 849 550 920 Vergilio
595 851 912 908 adnuerunt
953 852 1261 923 gaudentes
1304 869 1433 906 rure
1480 852 1789 908 Camenae:

283 935 393 988 hoc
437 943 576 1000 erat,
623 945 855 1009 experto
898 938 1107 992 frustra
1145 937 1401 991 Varrone
1447 938 1686 992 Atacino

123 1023 229 1072 55
286 1027 458 1090 atque
504 1019 836 1093 quibusdam
879 1022 1022 1087 aliis,
1069 1022 1266 1076 melius
1312 1024 1462 1094 quod
1508 1024 1751 1078 scribere
1794 1043 2037 1096 possem,

283 1103 578 1160 inventore
624 1106 838 1175 minor3
881 1125 1066 1180 neque
1109 1125 1214 1178 ego
1260 1108 1346 1163 illi
1390 1110 1685 1163 detrahere
1731 1111 1908 1165 ausim

285 1189 611 1244 haerentem
656 1192 826 1264 capiti
871 1209 994 1247 cum
1040 1193 1212 1246 multa
1257 1194 1421 1248 laude
1466 1211 1741 1248 coronam.

289 1282 349 1327 at
395 1274 512 1330 dixi
556 1277 731 1332 fluere
773 1279 920 1333 hunc
965 1279 1319 1347 lutulentum,
1367 1297 1533 1351 saepe
1578 1280 1851 1334 ferentem

286 1360 450 1431 plura
494 1360 720 1433 quidem
761 1362 1012 1418 tollenda
1053 1363 1452 1436 relinquendis.
1498 1381 1619 1434 age,
1666 1382 1898 1436 quaeso,

141 1448 239 1496 60
289 1453 356 1498 tu
402 1445 544 1499 nihil
590 1445 646 1500 in
694 1465 896 1520 magno
943 1451 1138 1502 doctus
1182 1450 1477 1520 reprendis
1523 1449 1816 1505 Homero?

288 1529 371 1584 nil
419 1530 592 1585 comis
640 1534 838 1603 tragici
883 1543 1063 1588 mutat
1106 1535 1356 1588 Lucilius
1401 1535 1547 1601 Atti,

290 1633 406 1669 non
448 1616 598 1670 ridet
641 1636 834 1673 versus
878 1619 1028 1674 Enni
1071 1619 1347 1690 gravitate
1390 1619 1638 1684 minoris,

296 1716 424 1754 cum
468 1703 538 1756 de
581 1719 642 1758 se
684 1703 932 1777 loquitur
973 1723 1084 1759 non
1129 1714 1192 1758 ut
1236 1705 1443 1759 maiore
1488 1705 1805 1776 reprensis‘?

292 1787 429 1856 quid
472 1796 627 1842 vetat
671 1796 729 1842 et
772 1799 991 1846 nosmet
1035 1790 1216 1844 Lucili
1264 1791 1470 1862 scripta
1514 1790 1753 1861 legentis

157 1874 241 1923 65
291 1889 581 1943 quaerere,
627 1891 759 1928 num
805 1874 971 1940 illius,
1020 1894 1151 1930 num
1195 1894 1379 1931 rerum
1424 1877 1563 1930 dura
1604 1875 1840 1946 negarit

289 1957 599 2012 versiculos
644 1969 842 2017 natura
885 1961 1060 2033 magis
1106 1962 1281 2015 factos
1326 1970 1383 2015 et
1428 1960 1611 2016 euntis

291 2042 534 2108 mollius,
580 2061 646 2098 ac
689 2045 864 2118 siquis
905 2045 1146 2118 pedibus
1191 2047 1325 2118 quid
1372 2047 1628 2100 claudere
1674 2045 1843 2110 senis,

291 2127 402 2182 hoc
442 2136 658 2185 tantum
703 2139 1012 2196 contentus,
1062 2140 1209 2186 amet
1254 2131 1539 2203 scripsisse
1586 2132 1857 2184 ducentos

296 2220 428 2266 ante
471 2214 654 2271 cibum
698 2233 911 2283 versus,
957 2217 1190 2272 totidem
1236 2226 1480 2284 cenatus,
1527 2215 1747 2270 Etrusci

159 2299 247 2352 ’10
296 2299 462 2370 quale
506 2299 613 2355 fuit
655 2297 812 2356 Cassi
863 2303 1061 2374 rapido
1107 2302 1411 2356 ferventius
1456 2302 1604 2356 amni

296 2382 605 2455 ingenium,
653 2387 833 2458 capsis
878 2404 1041 2459 quem
1091 2392 1236 2442 fama
1278 2395 1364 2442 est
1408 2404 1529 2442 esse
1575 2386 1845 2459 librisque

297 2469 614 2524 ambustum
657 2472 918 2544 propriis.
965 2473 1136 2528 fuerit
1179 2473 1445 2538 Lucilius,
1490 2472 1734 2542 inquam,

297 2554 470 2609 comis
517 2565 574 2610 et
617 2559 877 2623 urbanus,
923 2558 1092 2613 fuerit
1133 2559 1379 2612 limatior
1422 2558 1571 2611 idem

297 2657 465 2712 quam
509 2642 663 2698 rudis
710 2651 765 2697 et
810 2641 1040 2698 Graecis
1085 2642 1280 2697 intacti
1325 2641 1579 2696 carminis
1626 2650 1817 2696 auctor

165 2731 202 2776 Ἰ
217 2730 248 2779 5
300 2742 578 2798 quamque
621 2736 911 2800 poetarum
956 2727 1237 2784 seniorum
1281 2729 1473 2795 turba3
1522 2728 1621 2782 sed
1665 2727 1776 2794 ille,

301 2813 350 2864 si
392 2812 542 2865 foret
583 2813 689 2868 hoc
732 2821 984 2868 nostrum
1027 2813 1142 2867 fato
1188 2812 1392 2867 dilatus
1435 2812 1492 2867 in
1539 2829 1751 2878 aevum,

303 2898 587 2952 detereret
631 2897 735 2952 sibi
780 2898 969 2965 multa,
1014 2896 1293 2954 recideret
1336 2915 1498 2952 omne
1543 2899 1693 2970 quod
1740 2897 1889 2951 ultra

299 2982 613 3053 perfectum
657 2985 991 3051 traheretur,
1038 2992 1096 3038 et
1138 2983 1196 3037 in
1242 3001 1409 3038 versu
1454 2982 1705 3037 faciendo

302 3085 470 3140 saepe
516 3077 680 3139 caput
724 3070 994 3134 scaberet,
1042 3069 1202 3124 vivos
1248 3077 1305 3124 et
1346 3069 1573 3123 roderet
1616 3068 1839 3138 unguis.

171 3159 252 3209 80
303 3169 471 3224 saepe
517 3154 705 3208 stilum
749 3162 952 3218 vertaS,
997 3152 1200 3209 iterum
1246 3172 1389 3226 quae
1435 3154 1601 3224 digna
1644 3152 1758 3224 legi
1802 3154 1918 3207 sint

302 3239 630 3312 scripturus,
675 3257 856 3311 neque
900 3246 957 3292 te
1001 3247 1062 3293 ut
1106 3239 1337 3294 miretur
1379 3239 1544 3292 turba
1589 3238 1824 3304 labores,

305 3331 605 3379 contentus
651 3324 843 3396 paucis
889 3323 1206 3379 lectoribus.
1254 3342 1325 3378 an
1371 3332 1467 3378 tua
1512 3323 1737 3378 demens

305 3408 510 3463 vilibus
556 3409 615 3464 in
658 3409 802 3465 ludis
850 3408 1049 3464 dictari
1093 3409 1338 3464 carmina
1382 3408 1586 3463 malis?

300 3511 418 3550 eon
461 3512 604 3567 ego:
650 3512 776 3549 nam
807 3493 941 3549 satis
973 3502 1059 3548 est
1081 3494 1329 3568 equitem
1360 3493 1493 3548 mihi
1520 3494 1809 3566 plaudere,
1857 3503 1917 3549 ut
1944 3496 2128 3550 audax
