2459 3959
1045 300 1282 358 LIBER
1323 302 1370 357 1.
1419 308 1580 357 5-6
2067 298 2198 360 2oe

1172 481 1261 539 v1

363 628 466 685 Nil
508 625 770 683 admirari
811 645 989 701 prope
1030 646 1121 683 res
1166 636 1255 683 est
1297 645 1426 697 una,
1469 626 1716 696 Numici,

364 716 591 787 solaque
636 732 781 785 quae
825 714 1003 785 possit
1042 714 1226 769 facere
1272 721 1331 768 et
1374 732 1597 769 servare
1639 714 1887 769 beatum.

362 801 513 855 hunc
556 801 732 855 solem
777 808 837 854 et
876 800 1070 854 stellas
1116 807 1175 854 et
1218 798 1552 854 decedentia
1594 798 1761 855 certis

364 895 619 958 tempora
658 885 954 940 momentis
1001 893 1131 939 sunt
1175 884 1272 956 qui
1313 884 1612 940 formidine
1654 885 1808 941 nulla

281 979 313 1026 5
364 971 551 1028 inbuti
594 978 865 1043 spectent.
912 969 1049 1042 quid
1094 988 1288 1024 censes
1331 988 1566 1024 munera
1606 971 1830 1026 terrae?

368 1057 505 1129 quid
547 1056 715 1111 maris
759 1065 1038 1111 extremos
1082 1056 1301 1110 Arabas
1349 1054 1577 1109 ditantis
1623 1063 1678 1111 et
1721 1056 1896 1111 Indos
1913 1056 1942 1111 ?

359 1142 577 1197 ludicra
620 1141 755 1214 quid
798 1142 1027 1213 plausus
1074 1149 1133 1196 et
1175 1140 1339 1195 amici
1384 1141 1530 1194 dona
1575 1140 1810 1205 Quiritis
1831 1142 1860 1195 ‘s'

363 1246 475 1301 quo
521 1227 827 1299 spectanda
870 1228 1053 1293 mode,
1101 1245 1211 1298 quo
1257 1243 1423 1280 sensu
1467 1225 1650 1280 credis
1694 1237 1750 1281 et
1795 1226 1936 1283 ore?

361 1313 459 1386 qui
501 1312 669 1367 timet
709 1312 797 1365 his
844 1314 1099 1378 adversa,
1144 1313 1264 1366 fere
1306 1310 1542 1364 miratur
1583 1313 1778 1366 eodem

232 1402 311 1455 10
358 1416 470 1471 quo
515 1398 745 1470 cupiens
791 1406 991 1469 pacto:
1037 1414 1213 1469 pavor
1257 1404 1344 1451 est
1385 1397 1685 1467 utrobique
1730 1398 2014 1464 molestus,

354 1482 642 1556 inprovisa
685 1482 851 1537 simul
896 1482 1110 1554 species
1156 1488 1416 1537 externat
1461 1490 1779 1554 utrumque.

356 1570 602 1642 gaudeat
646 1585 717 1621 an
763 1568 968 1636 doleat,
1016 1567 1205 1640 cupiat
1249 1575 1553 1633 metuatne,
1601 1568 1736 1639 quid
1781 1570 1851 1624 ad
1894 1586 2032 1636 rem,

354 1654 422 1721 si,
470 1653 743 1725 quidquid
785 1653 930 1708 vidit
970 1653 1171 1709 melius
1215 1652 1448 1723 peiusve
1493 1670 1592 1707 sua
1637 1670 1752 1724 spe,

355 1740 555 1795 defixis
600 1738 774 1795 oculis
820 1738 1119 1811 animoque
1162 1748 1221 1791 et
1263 1753 1496 1809 corpore
1541 1739 1770 1811 torpet?

226 1832 303 1881 15
352 1824 536 1881 insani
578 1824 801 1896 sapiens
842 1842 1046 1879 nomen
1088 1823 1254 1891 ferat,
1297 1840 1506 1895 aequus
1551 1824 1751 1897 iniqui,

352 1912 504 1966 ultra
548 1928 714 1982 quam
760 1910 893 1964 satis
937 1919 1023 1965 est
1064 1908 1332 1964 virtutem
1377 1908 1424 1963 si
1468 1917 1624 1982 petat
1666 1910 1860 1981 ipsam.

352 1998 374 2051 i
415 2014 583 2065 nunc,
628 2002 922 2066 argentum
966 2003 1027 2049 et
1068 2012 1313 2049 marmor
1353 2003 1515 2050 vetus
1560 2013 1802 2068 aeraque
1847 2003 1904 2049 et
1949 1994 2090 2049 artis

353 2081 591 2153 suspice,
637 2098 763 2135 cum
806 2079 1037 2152 gemmis
1082 2079 1288 2151 Tyrios
1330 2080 1534 2136 mirare
1581 2081 1828 2149 colores3

351 2168 538 2241 gaude
581 2168 733 2237 quod
780 2174 1041 2236 spectant
1084 2164 1235 2219 oculi
1277 2174 1336 2220 te
1380 2165 1534 2221 mille
1575 2167 1934 2238 loquentem3

221 2260 301 2309 20
350 2270 565 2326 gnavus
609 2269 773 2307 mane
815 2250 997 2305 forum
1042 2257 1101 2305 et
1143 2251 1496 2321 vespertinus
1541 2254 1688 2324 pede
1731 2259 1959 2320 tectum,
2010 2252 2016 2258 '

348 2357 421 2393 ne
463 2337 593 2410 plus
634 2336 899 2393 frumenti
942 2336 1220 2390 dotalibus
1267 2344 1476 2391 emetat
1519 2336 1666 2408 agris

342 2424 537 2479 Mutus
584 2430 643 2477 et
686 2448 770 2461 --
813 2421 1126 2493 indignum,
1173 2422 1328 2492 quod
1373 2421 1445 2475 sit
1486 2422 1769 2494 peioribus
1814 2429 1972 2477 ortus
2019 2446 2100 2459 -

345 2509 440 2563 hic
482 2507 588 2563 tibi
633 2506 706 2562 sit
748 2506 937 2578 potius
982 2524 1149 2578 quaxn
1190 2516 1254 2561 tu
1299 2506 1566 2562 mirabilis
1610 2506 1712 2561 illi.

344 2593 618 2667 quidquid
662 2594 765 2647 sub
808 2600 961 2647 terra
1004 2601 1112 2661 est,
1159 2591 1219 2645 in
1265 2592 1514 2665 apricum
1556 2592 1804 2665 proferet
1848 2601 2020 2660 aetas,

216 2686 293 2735 25
345 2678 593 2735 defodiet
638 2679 953 2750 condetque
996 2677 1259 2732 nitentia.
1323 2695 1449 2732 cum
1490 2679 1636 2733 bene
1680 2687 1878 2733 notum

343 2764 591 2837 porticus
636 2763 923 2836 Agrippae
968 2770 1029 2817 et
1067 2762 1163 2817 via
1203 2770 1266 2817 te
1309 2764 1665 2835 conspexerit
1709 2764 1882 2837 Appi,

341 2849 427 2905 ire
469 2856 657 2904 tamen
698 2857 877 2904 restat
917 2848 1103 2905 Numa
1148 2866 1260 2920 quo
1306 2848 1534 2905 devenit
1577 2858 1634 2905 et
1677 2849 1893 2908 Ancus.

343 2935 391 2991 si
433 2935 583 2989 latus
628 2942 725 2990 aut
766 2951 931 2991 renes
975 2935 1177 2989 morbo
1219 2941 1566 3007 temptantur
1609 2943 1794 3002 acuto,

344 3038 553 3094 quaere
594 3020 783 3093 fugam
824 3019 1027 3074 morbi.
1090 3018 1176 3073 vis
1218 3028 1375 3075 recte
1417 3020 1640 3075 vivere:
1686 3019 1810 3093 quis
1855 3038 1967 3075 non
1990 3019 2018 3074 ⁴?

213 3113 291 3165 30
341 3106 390 3162 si
430 3106 608 3161 virtus
650 3108 758 3161 hoc
801 3124 914 3161 una
953 3113 1143 3177 potest
1185 3105 1340 3174 dare,
1385 3105 1547 3162 fortis
1591 3104 1807 3161 omissis

342 3193 449 3247 hoc
491 3209 594 3263 age
636 3190 871 3247 deliciis.
934 3190 1202 3246 virtutem
1247 3190 1422 3246 verba
1463 3198 1628 3264 putas
1673 3197 1732 3246 et

336 3278 523 3333 lucum
566 3278 747 3349 ligna:
802 3294 935 3333 cave
976 3295 1049 3332 ne
1092 3284 1288 3349 portus
1334 3284 1572 3349 occupet
1615 3276 1776 3344 alter,

339 3382 412 3419 ne
460 3362 792 3435 Cibyratica,
837 3380 910 3417 ne
951 3361 1202 3434 Bithyna
1245 3362 1474 3435 negotia
1516 3364 1760 3436 perdas3

339 3449 495 3505 mille
538 3450 751 3505 talenta
791 3448 1187 3517 retundentur,
1235 3448 1473 3504 totidem
1516 3449 1712 3516 altera,
1754 3466 1925 3521 porro
1969 3456 2028 3504 et

213 3541 288 3591 35
336 3534 506 3591 tertia
547 3536 869 3606 succedant,
916 3542 973 3591 et
1016 3550 1161 3606 quae
1204 3551 1336 3607 pars
1381 3535 1620 3608 quadret
1662 3550 1939 3675 apii-vum.

301 3628 501 3671 Horatius
