2459 3959
268 318 401 381 21⁰
960 324 1515 381 EPISTVLARVM

400 478 651 535 Caesaris
697 478 941 551 Augusti
984 497 1097 533 non
1138 496 1476 551 responsura
1521 478 1763 533 lacertis.

404 566 551 619 unde
596 564 759 618 simul
801 563 1041 635 primum
1082 582 1171 619 me
1216 564 1477 619 dimisere
1519 563 1787 636 Philippi,

276 657 352 707 50
402 648 603 705 decisis
645 649 911 704 humilem
952 649 1137 721 pinnis
1180 649 1516 721 inopemque
1557 650 1780 722 paterni

401 744 459 789 et
501 735 633 789 laris
676 744 734 789 et
775 734 934 788 fundi
976 746 1276 806 paupertas
1319 734 1526 807 inpulit
1567 735 1752 789 audax

398 832 460 874 ut
502 839 696 875 versus
738 819 1009 875 facerem:
1062 821 1163 875 sed
1208 821 1360 891 quod
1403 838 1518 876 non
1563 820 1709 875 desit
1750 820 2053 875 habentem

399 923 540 979 quae
584 914 851 978 poterunt
892 923 1135 978 unquam
1180 905 1316 960 satis
1359 922 1675 979 expurgare
1719 906 1949 970 cicutae,

401 992 455 1046 ni
500 991 695 1046 melius
740 990 980 1045 dormire
1022 1000 1213 1061 putem
1259 1007 1426 1062 quam
1469 991 1712 1046 seribere
1754 992 1985 1046 versus?

272 1086 347 1134 55
399 1077 617 1148 singula
661 1078 732 1131 de
774 1075 936 1131 nobis
981 1075 1111 1129 anni
1154 1077 1496 1148 praedantur
1537 1085 1767 1145 euntes3

398 1163 653 1234 eripuere
695 1161 848 1217 ioeos
892 1161 1191 1227 Venerem,
1239 1160 1495 1217 convivia
1537 1162 1760 1229 ludum3

394 1249 633 1302 tendunt
675 1257 1007 1319 extorquere
1048 1256 1336 1319 poemata:
1381 1247 1519 1319 quid
1565 1247 1765 1303 faciam
1807 1246 1936 1302 vis?

396 1334 636 1405 denique
676 1350 791 1387 non
835 1350 1025 1387 omnes
1069 1334 1264 1387 eadem
1307 1333 1576 1389 mirantur
1619 1342 1948 1407 amantque:

398 1420 639 1474 carmine
682 1428 745 1473 tu
787 1420 1017 1491 gaudes,
1061 1418 1154 1473 hie
1197 1418 1510 1473 delectatur
1549 1418 1769 1485 iambis,

274 1513 347 1562 60
400 1507 490 1559 ille
532 1504 759 1561 Bioneis
804 1503 1151 1559 sermonibus
1196 1514 1255 1559 et
1297 1504 1413 1558 sale
1455 1505 1638 1577 nigro.

394 1604 507 1646 tres
552 1591 685 1646 mihi
727 1589 992 1645 convivae
1032 1606 1209 1661 prope
1253 1588 1552 1645 dissentire
1594 1590 1874 1657 videntur,

395 1686 689 1749 poscentes
731 1675 887 1730 vario
930 1675 1167 1729 multum
1210 1674 1429 1730 diversa
1473 1676 1677 1747 palato·

397 1762 531 1834 quid
575 1761 741 1817 dem?
786 1760 922 1833 quid
966 1777 1079 1815 non
1122 1759 1288 1815 dem?
1331 1762 1520 1817 renuis
1551 1762 1700 1833 quod
1730 1769 1815 1829 tn,
1861 1760 2020 1815 iubet
2049 1761 2236 1831 alter3

396 1848 545 1921 quod
587 1846 756 1919 petis,
803 1846 863 1901 id
908 1862 1043 1901 sane
1086 1854 1171 1900 est
1213 1845 1454 1901 invisum
1499 1847 1836 1917 acidumque
1881 1847 2124 1905 duobus.

270 1940 345 1990 65
392 1941 617 2006 praeter
660 1940 843 1989 cetera
885 1948 975 1987 me
1017 1930 1302 1987 Romaene
1343 1941 1604 2003 poemata
1647 1948 1840 1987 censes

392 2017 637 2073 seribere
680 2034 846 2091 posse
888 2016 1039 2071 inter
1079 2024 1165 2072 tot
1208 2032 1368 2071 euras
1411 2026 1609 2090 totque
1651 2016 1904 2072 labores?

392 2105 483 2159 hie
529 2122 792 2177 sponsum
836 2111 1018 2168 vocat,
1063 2100 1155 2156 hie
1198 2102 1447 2157 auditum
1494 2104 1722 2174 scripta,
1765 2101 1978 2157 relictis

392 2190 645 2245 omnibus
690 2188 919 2244 officiis:
964 2188 1131 2243 cubat
1172 2187 1266 2241 hie
1309 2187 1367 2243 in
1413 2189 1556 2244 eolle
1601 2187 1843 2257 Quirini,

390 2275 482 2329 hic
525 2284 775 2331 extremo
818 2274 876 2329 in
920 2272 1221 2341 Aventino,
1266 2273 1528 2329 visendus
1557 2284 1838 2345 'utel-quet

269 2368 343 2417 70
389 2360 687 2416 intervalla
723 2360 881 2415 vides
924 2360 1202 2425 †humane
1245 2362 1552 2415 commoda.
1599 2358 1807 2415 ‘verum

389 2464 563 2517 purae
606 2456 735 2501 sunt
776 2446 1009 2517 plateae,
1054 2444 1195 2499 nibil
1237 2456 1318 2499 ut.
1342 2445 1739 2501 meditantibus
1781 2446 2010 2502 obstet-J

392 2531 618 2587 festinat
662 2532 875 2587 calidus
920 2531 1083 2585 mulis
1124 2530 1446 2602 gerulisque
1489 2534 1824 2602 redemptor,

390 2626 627 2689 torquet·
655 2635 803 2672 nune
845 2616 1087 2688 lapidem
1132 2633 1280 2671 nune
1323 2616 1522 2688 ingens
1565 2616 1822 2673 maehina
1862 2617 2112 2688 tignum,

392 2703 579 2759 tristia
620 2702 866 2759 robustis
910 2702 1195 2757 luctantur
1237 2702 1432 2757 funera
1475 2701 1758 2775 plaustris,

269 2797 342 2845 75
392 2790 497 2843 hae
537 2788 763 2843 rabiosa
803 2788 949 2860 fugit
992 2788 1163 2853 canis,
1188 2787 1316 2841 hae
1357 2788 1634 2843 lutulenta
1676 2787 1789 2841 ruit
1831 2804 1958 2842 sus:

391 2874 409 2928 i
456 2891 605 2929 nune
648 2883 705 2929 et
747 2892 942 2929 versus
986 2882 1169 2927 tecum
1213 2872 1486 2929 meditare
1533 2890 1785 2928 canoros.

384 2961 711 3033 scriptorum
755 2961 953 3015 chorus
998 2958 1176 3013 omnis
1219 2968 1370 3013 amat
1407 2977 1602 3015 nemus
1647 2966 1706 3014 et
1745 2958 1890 3029 fugit
1931 2957 2118 3029 urbis,

387 3046 495 3101 rite
540 3046 711 3101 cliens
754 3044 963 3100 Bacchi
1009 3061 1201 3099 somno
1228 3044 1538 3115 gaudentis
1583 3053 1641 3099 et
1684 3044 1910 3098 umbra:

388 3140 449 3186 tu
494 3148 583 3185 me
625 3131 777 3186 inter
817 3130 1083 3202 strepitus
1124 3138 1426 3185 nocturnos
1471 3139 1641 3202 atque
1685 3128 1916 3185 diurnos

264 3223 340 3272 80
388 3220 473 3271 vis
516 3233 717 3273 canere
759 3226 817 3272 et
858 3221 1159 3271 eontracta·
1185 3215 1345 3287 sequi
1387 3216 1622 3287 vestigia
1664 3222 1856 3269 vatum
1875 3214 1904 3268 ⁴?

387 3302 691 3373 ingenium,
736 3302 845 3357 sibi
890 3303 1039 3374 quod
1083 3318 1290 3355 vacuas
1336 3300 1642 3373 desumpsit
1685 3301 1939 3356 Athenas

390 3398 449 3443 et
491 3386 689 3442 studiis
734 3404 909 3443 annos
954 3396 1166 3459 septem
1210 3386 1370 3440 dedit
1411 3386 1766 3458 insenuitque

389 3471 546 3527 libris
592 3482 649 3526 et
692 3472 861 3540 euris,
908 3482 1093 3528 statua
1132 3470 1466 3527 taciturnius
1511 3472 1632 3527 exit

390 3557 716 3629 plerumque
762 3568 819 3612 et
861 3558 977 3612 risu
1020 3557 1286 3630 populum
1334 3556 1544 3629 quatit:
1589 3557 1682 3611 hie
1726 3574 1834 3629 ego
1875 3574 2068 3612 rerum
