2459 3959
2003 317 2153 363 XXV

193 447 582 513 Horatianis
604 448 925 513 eiecerunt
956 449 1202 515 Buttm.
1229 449 1439 536 Myth.
1462 450 1547 515 Π.
1572 453 1717 516 368.
1740 451 1895 516 ΡΜ.
1911 451 2155 516 Kirch-

194 556 334 598 ner.
382 555 530 597 nov.
580 549 850 617 quaesit.
896 533 1130 599 Horat.
1182 535 1395 618 (Lips.
1425 536 1611 614 1847)
1658 559 1718 621 p.
1742 540 1843 603 63.
1890 538 2152 602 eosdem

201 617 443 703 opinor
489 619 854 705 significare
899 619 1107 683 voluit
1152 619 1395 685 Bernh.
1444 622 1592 685 hist.
1634 621 1753 685 litt.
1799 646 1957 688 rom.
2002 623 2152 686 adn.

201 706 328 769 451
383 717 508 767 ext.
572 742 658 752 —-
717 703 1000 770 CARM.
1048 706 1130 770 V.
1177 706 1215 771 3
1283 708 1364 772 cf.
1414 706 1589 771 Wex
1652 708 1733 771 ad
1784 708 1942 773 Tac.
1990 710 2154 794 Agr.

197 812 264 875 p.
301 790 426 854 183
459 790 484 871 ss
515 792 556 855 8
598 794 664 854 in
707 793 872 855 arvis
917 792 1079 855 coni.
1122 793 1202 856 B.
1258 794 1455 874 idque
1498 793 1715 877 ipsum
1759 795 2045 879 repperit
2086 793 2151 856 in

200 876 484 959 Argent.
547 875 608 938 A
669 874 1024 941 Oberlinus
1066 879 1090 959 ΙΙ
1139 883 1178 943 9
1234 879 1521 943 Mars-us:
1586 880 1665 943 cf.
1721 878 2013 943 Freinsh.
2072 878 2155 941 ad

198 960 260 1025 F
264 961 385 1025 lor.
430 960 514 1025 II.
563 964 644 1026 20
687 960 828 1041 (IV.
881 965 974 1027 10.
1021 965 1084 1043 4)
1131 974 1194 1028 et
1240 962 1448 1027 Perlc.
1495 965 1647 1027 adn.
1686 987 1744 1049 p.
1771 968 1893 1031 272
1940 963 1983 1029 b
2015 964 2041 1047 ΙΙ
2076 967 2154 1028 10

201 1058 260 1111 et
303 1048 570 1123 nominis
627 1069 707 1110 ex
751 1046 982 1113 Bland.
1028 1062 1152 1114 ant.
1199 1048 1272 1112 B.
1316 1051 1580 1114 nominis
1623 1048 1775 1134 er.
1836 1061 1981 1135 post
2037 1072 2155 1111 no-

200 1132 394 1195 minis
435 1133 758 1217 virgulam
821 1134 1042 1218 posui:
1108 1135 1188 1199 cf.
1255 1133 1436 1199 Flori
1500 1136 1716 1200 locum
1778 1136 1906 1197 iam
1974 1158 2013 1197 a
2077 1133 2157 1195 B·

206 1216 540 1281 conlatum
585 1217 670 1281 II.
716 1221 792 1282 21
849 1219 992 1298 (IV.
1046 1224 1138 1284 11.
1175 1220 1247 1303 3)
1290 1221 1600 1285 Antonius
1646 1270 1659 1282 .
1706 1270 1720 1285 .
1763 1222 2006 1305 patriae
2048 1242 2157 1282 uo-

204 1303 424 1379 νηὶηἱε,
486 1316 664 1389 toyae.
683 1305 960 1388 fascium
1003 1307 1222 1372 oblitu-s·
1270 1306 1295 1386 Η
1345 1309 1421 1371 15
1468 1308 1745 1393 exemplo
1790 1305 2061 1369 trahenti
2100 1304 2157 1367 P

206 1402 276 1451 et
321 1388 418 1452 sic
477 1389 540 1453 in
590 1402 770 1468 textu
814 1390 922 1466 B.,
991 1390 1107 1455 sed
1161 1390 1331 1454 idem
1387 1392 1453 1453 in
1515 1391 1661 1454 adn.
1722 1391 1988 1474 exempli
2028 1402 2159 1454 tra-

207 1474 428 1537 hentis.
492 1475 768 1559 eoeemplo
829 1476 1126 1541 trahentis
1168 1498 1257 1561 vg
1294 1477 1321 1559 ΙΙ
1367 1479 1443 1539 17
1486 1479 1719 1562 perires
1760 1475 2030 1539 Lachm.
2076 1475 2160 1537 ad

209 1558 294 1621 L.
343 1561 509 1643 p.17
555 1574 619 1623 et
663 1560 748 1623 H.
789 1556 1018 1647 periret
1059 1561 1222 1625 libri.
1273 1562 1351 1625 cf.
1396 1561 1478 1623 ad
1526 1561 1572 1624 Ι.
1622 1565 1677 1627 3.
1699 1563 1781 1627 36
1828 1576 1891 1625 et
1936 1559 2025 1624 II.
2055 1561 2156 1647 13.

216 1645 321 1710 16.
353 1644 380 1727 ΙΙ
412 1646 490 1709 21
543 1648 790 1731 derepta
832 1645 1058 1710 BHM.
1105 1650 1349 1733 direpta
1393 1645 1548 1731 er.
1594 1647 1886 1731 Ply1137
1934 1647 2159 1711 annus

210 1751 294 1793 ex
341 1732 592 1794 emend.
636 1730 1044 1795 Lachmanni
1089 1731 1253 1796 HM.
1300 1734 1530 1797 inscius
1550 1756 1655 1816 vg.
1702 1734 1839 1797 hinc
1867 1781 1881 1795 .
1914 1782 1925 1794 .
1958 1732 2162 1817 aptius

212 1814 272 1877 B
305 1816 445 1896 1143
491 1819 567 1881 ab
611 1838 674 1880 se
696 1814 902 1879 BHM
948 1828 1022 1881 ut
1069 1821 1164 1885 16.
1190 1821 1271 1883 22
1317 1822 1393 1883 ab
1438 1820 1551 1882 dis.
1585 1844 1623 1883 a
1651 1842 1711 1883 se
1736 1816 1889 1903 er.
1917 1816 2161 1900 1²15.-

218 1898 503 1965 CARM.
546 1900 660 1964 VI.
710 1909 746 1967 5
791 1924 978 1988 quom
1014 1906 1172 1987 yeris
1217 1904 1379 1967 coni.
1426 1901 1766 1968 CScheibe
1811 1904 1878 1967 in
1923 1900 2155 1966 Philol.

219 1984 300 2047 V.
352 1989 474 2051 172
505 1990 528 2066 Ιὶ
561 1990 642 2052 20
681 1990 956 2072 patriam
995 1988 1415 2073 populumque
1456 2012 1493 2052 a
1539 1989 1745 2052 Bentl.
1792 1988 2162 2060 suspicione

219 2071 578 2135 vindicavit
622 2072 678 2137 P
710 2074 734 2156 ΙΙ
767 2075 849 2138 22
895 2086 1146 2137 matura
1190 2096 1413 2137 vocem
1463 2086 1832 2158 corruptam
1876 2094 2019 2137 esse
2062 2074 2161 2134 vi-

215 2157 455 2239 derunt
479 2157 613 2221 PM
643 2158 670 2241 ΙΙ
702 2171 848 2243 post
884 2161 1120 2223 artibus
1155 2159 1739 2239 interpunctionem
1787 2158 2165 2221 deleverunt

215 2242 367 2305 HM
397 2242 535 2325 {130
579 2246 827 2309 institor
867 2246 1042 2307 navis
1087 2245 1418 2330 hispanae:
1479 2245 1561 2308 cf.
1610 2242 2031 2327 Oudendorp.
2079 2242 2163 2304 ad

220 2327 418 2393 Suet.
447 2328 596 2391 Ner.
643 2333 828 2414 27·p.
877 2330 1001 2393 682
1031 2332 1060 2409 ΙΙ
1090 2328 1387 2409 strophas
1432 2330 1687 2393 tertiam
1742 2342 2034 2413 quartam
2084 2350 2166 2389 ue

219 2428 287 2478 et
312 2416 652 2495 septimam
681 2428 876 2497 atque
916 2424 1210 2479 octavam
1252 2415 1645 2498 suspectavit
1664 2414 1735 2478 P.
1770 2452 1849 2460 —
1881 2351 2163 2479 CARqM.

220 2496 379 2563 VH.
444 2502 486 2561 4
525 2502 662 2586 fide
715 2499 939 2564 BHM.
981 2502 1142 2586 fidei
1201 2522 1287 2563 ex
1326 2499 1608 2563 Blandd.
1654 2500 1793 2585 Ply.
1838 2499 1990 2563 Ritt.
2023 2498 2164 2581 [120

220 2597 421 2655 movet
465 2585 692 2649 BHM.
735 2597 936 2651 monet
991 2584 1142 2669 er.
1186 2583 1315 2669 Ply
1346 2589 1371 2667 ΙΙ
1404 2587 1480 2651 21
1530 2586 1703 2651 Icari
1758 2585 1944 2670 quasi
1988 2600 2165 2646 esset

223 2671 424 2735 Icarii
443 2670 512 2733 P.
541 2669 744 2735 Orell.
763 2683 830 2735 at
863 2671 944 2735 cf.
960 2670 1232 2737 Lachm.
1264 2670 1346 2735 ad
1376 2669 1455 2734 L.
1478 2673 1703 2751 102327.
1749 2708 1835 2718 —
1879 2664 2165 2734 CARM.

223 2755 812 2823 V111.5sermoni.s:
859 2756 1027 2821 hanc
1074 2756 1430 2822 accusativi
1472 2757 1747 2822 formam
1791 2755 1853 2819 h.
1888 2754 1931 2817 l.
1976 2752 2167 2819 codd.

225 2840 378 2925 er.
423 2855 486 2905 et
530 2841 743 2907 Bentl.
788 2854 852 2907 et
895 2842 1005 2905 alii
1049 2842 1314 2927 plurimi
1377 2851 1737 2919 servarunt,
1784 2860 1993 2923 neque
2048 2837 2177 2901 ali--

227 2939 325 2991 ter
369 2949 440 2992 se
483 2926 724 3013 legisse
745 2927 1026 2991 ostendit
1055 2928 1319 2992 indocta
1348 2927 1761 2992 adnotatione
1780 2926 1959 2989 Acro
1984 2924 2167 2990 ‘ordo

227 3023 334 3077 est.
385 3015 552 3079 docte
603 3014 890 3077 sermonis
931 3015 1277 3100 utriusque,
1333 3012 1373 3076 i.
1420 3036 1472 3077 e.
1514 3032 1745 3099 graece
1804 3022 1870 3076 et
1927 3010 2167 3075 latine?

229 3099 313 3163 cf.
359 3099 558 3184 praef.
601 3118 662 3180 p.
701 3117 752 3161 x
799 3099 824 3181 11
871 3097 1134 3163 ultimae
1180 3097 1489 3182 strophae
1532 3119 1723 3179 quam
1767 3094 1861 3159 M.
1910 3094 2173 3159 seclusit

227 3184 340 3249 hie
394 3183 614 3247 locum
673 3206 800 3247 non
861 3194 1000 3247 esse
1061 3183 1164 3249 vel
1221 3183 1432 3267 ipsam
1489 3182 1791 3247 carminis
1849 3180 2171 3265 composi-

228 3270 472 3334 tionem
514 3269 940 3333 consideranti
971 3267 1241 3353 patebit‚
1288 3268 1532 3353 quippe
1576 3288 1741 3352 quae
1784 3265 1954 3331 binis
2000 3275 2170 3329 stro-

227 3355 380 3441 phis
423 3364 673 3419 constet
719 3372 816 3418 ter
877 3354 1168 3419 reuetitis
1200 3354 1226 3435 ΙΙ
1260 3354 1341 3417 26
1386 3377 1587 3419 cavere
1632 3366 1688 3418 et
1731 3362 1881 3417 ante
1914 3352 1978 3415 B
2020 3352 2049 3431 ΙΙ
2089 3352 2170 3413 27

230 3442 418 3506 horae
459 3438 552 3503 M.
579 3441 759 3505 horae
801 3452 855 3504 et
887 3438 1034 3502 BH.
1071 3440 1249 3502 horae
1292 3462 1365 3501 ac
1404 3437 1561 3522 er.
1594 3438 1721 3523 Ply
1754 3437 1861 3517 (de
1906 3462 1978 3501 ac
2021 3458 2170 3520 par-

231 3525 468 3589 ticulae
511 3548 620 3611 ap.
658 3524 818 3589 Hor.
861 3546 986 3587 usu
1051 3524 1129 3589 cf.
1195 3522 1283 3585 H.
1328 3522 1579 3589 observ.
1628 3525 1764 3588 crit.
1808 3545 1873 3608 p.
1922 3526 2045 3595 37).
2092 3554 2179 3567 --
