2459 3959
305 283 432 346 128
1109 293 1427 350 EPODON

349 451 380 500 5
429 451 486 498 et
531 445 710 511 dccet,
756 447 998 502 obducta
1039 447 1286 502 solvatur
1325 448 1513 503 fronte
1557 456 1833 503 senectus.

513 538 576 582 tu
618 530 748 584 vina
789 532 1073 604 Torquato
1117 551 1280 587 move
1324 534 1549 588 consule
1593 551 1784 605 pressa
1826 553 1963 589 meo.

429 605 612 668 ceteia
653 615 815 671 mitte
858 617 1046 690 loqui:
1091 619 1228 672 deus
1274 619 1408 674 haec
1448 619 1684 674 fortasse
1726 619 1966 690 benigna

509 701 742 755 reducet
781 701 841 755 in
886 705 1072 757 sedem
1114 703 1254 758 vice.
1301 721 1449 758 nunc
1492 712 1549 759 et
1594 705 1967 760 Achaemenio

431 785 691 856 perfundi
735 789 908 842 nardo
951 787 1104 842 iuvat
1147 797 1204 844 et
1246 789 1356 843 fide
1402 789 1669 860 Cyllenea

309 875 380 923 10
515 870 698 925 levare
741 871 877 926 diris
921 882 1146 944 pectora
1189 874 1676 938 sollicitudinibus,

426 955 629 1010 nobilis
673 964 734 1010 ut
781 958 975 1029 grandi
1017 959 1218 1013 cecinit
1262 959 1569 1014 Centaurus
1614 961 1867 1014 alumno:

513 1040 736 1096 ‘invicte
780 1043 1026 1097 mortalis
1073 1045 1179 1098 dea
1221 1053 1349 1098 nate
1396 1063 1535 1116 puer
1578 1045 1835 1109 Thetide,

423 1134 481 1180 te
525 1136 712 1182 manet
754 1128 1006 1183 Assaraci
1052 1128 1239 1194 tellus,
1287 1147 1451 1201 quam
1494 1129 1701 1201 frigida
1742 1129 1887 1184 tardi

509 1212 726 1267 findunt
769 1213 1090 1268 Scamandri
1133 1215 1361 1268 fiumina
1403 1215 1647 1269 lubricus
1692 1224 1749 1270 et
1794 1213 2029 1281 Simois3

303 1303 374 1350 15
423 1299 572 1352 unde
617 1298 722 1352 tibi
765 1299 999 1353 reditum
1044 1308 1196 1353 certo
1242 1299 1551 1354 subtemine
1595 1301 1803 1355 Parcae

509 1402 728 1456 rupere,
774 1402 877 1437 nec
919 1392 1094 1438 mater
1137 1386 1360 1439 domum
1406 1386 1625 1440 caerula
1668 1395 1725 1440 te
1766 1386 2014 1440 revehet.

421 1468 535 1523 illic
579 1486 740 1523 omne
782 1470 985 1524 malum
1027 1469 1156 1523 vino
1200 1480 1475 1541 cantuque
1518 1472 1719 1536 levam,

508 1553 767 1609 deformis
811 1554 1181 1626 aegrimoniae
1225 1555 1478 1610 dulcibus
1522 1555 1836 1628 adloquiis.'

1197 1834 1342 1891 XIV

417 1976 607 2032 Mollis
652 1976 852 2032 inertia
898 1996 995 2032 cur
1039 1986 1249 2034 tantam
1294 1979 1577 2036 diffuderit
1619 1981 1743 2038 imis

503 2062 838 2117 oblivionem
881 2063 1150 2132 sensibus,

417 2149 616 2219 pocula
658 2148 932 2204 Lethaeos
977 2159 1038 2202 ut
1082 2149 1128 2204 si
1172 2151 1433 2206 ducentia
1476 2170 1699 2208 somnos

500 2241 688 2288 arente
730 2234 888 2288 fauce
930 2234 1212 2302 traxerim,

334 2326 366 2372 5
417 2318 646 2372 candide
689 2319 1000 2385 Maecenas,
1047 2320 1253 2374 occidis
1296 2339 1461 2394 saepe
1502 2323 1785 2394 rogando:

501 2404 633 2458 deus
678 2403 812 2457 deus
857 2422 980 2458 nam
1026 2424 1112 2459 me
1157 2414 1309 2462 vetat

413 2487 684 2560 inceptos,
730 2487 863 2542 olim
904 2490 1230 2561 promissum
1276 2509 1515 2560 carmen,
1562 2491 1774 2548 iambos

497 2575 568 2626 ad
614 2573 935 2628 umbilicum
977 2577 1272 2630 adducere.

413 2677 523 2713 non
567 2658 727 2712 aliter
773 2659 959 2714 Samio
1004 2661 1197 2714 dicunt
1240 2660 1443 2718 arsisse
1487 2660 1749 2733 Bathyllo

291 2749 363 2798 10
496 2743 848 2797 Anacreonta
889 2745 1107 2813 Teium,

409 2828 504 2900 qui
549 2845 816 2900 persaepe
859 2846 992 2883 cava
1035 2830 1319 2885 testudine
1365 2832 1520 2886 flevit
1564 2850 1805 2887 amorem

497 2931 610 2967 non
655 2913 996 2967 elaboratum
1041 2917 1110 2968 ad
1155 2917 1375 2988 pedem.

411 2998 586 3052 ureris
630 2997 749 3071 ipse
793 2998 993 3052 miser:
1041 3019 1152 3072 quo
1199 3001 1246 3054 si
1290 3019 1404 3055 non
1447 3001 1731 3074 pulchrior
1774 3001 1923 3074 ignis

497 3083 750 3138 accendit
795 3085 1076 3138 obsessam
1119 3085 1287 3153 Ilion,

289 3176 364 3224 15
413 3170 598 3241 gaude
647 3178 794 3223 sorte
838 3177 960 3237 tua;
1005 3189 1094 3224 me
1136 3171 1398 3225 libertina
1442 3189 1620 3244 neque
1666 3190 1779 3228 uno

495 3262 759 3308 contenta
802 3255 1024 3325 Phryne
1065 3266 1326 3311 macerat.
