2459 3959
1073 265 1307 320 LIBER
1351 266 1429 322 11.
1481 273 1510 320 2
2141 259 2277 321 ΠΕ

443 416 670 472 Galloni
711 417 998 492 praeconis
1041 427 1163 474 erat
1205 419 1526 490 acipensere
1570 437 1763 473 mensa

443 502 684 560 infamis.
775 503 953 576 quid?
1013 512 1131 558 tum
1174 504 1439 559 rhombos
1484 504 1664 558 minus
1710 521 1953 577 aequora
1996 504 2284 560 alebant?

444 596 600 643 tutus
645 598 764 644 erat
806 589 1087 656 rhombus,
1134 598 1368 661 tutoque
1413 589 1625 644 ciconia
1670 590 1827 657 uide,

310 679 399 729 50
449 675 627 728 donec
671 693 770 730 vos
815 682 1009 729 auctor
1053 673 1245 728 docuit
1287 674 1619 746 praetorius.
1709 694 1843 748 ergo

447 758 622 831 siquis
667 777 813 814 nunc
856 777 1078 830 mergos
1125 760 1311 814 suavis
1358 760 1597 814 edixerit
1640 777 1811 828 assos,

447 845 670 916 parebit
713 844 873 918 pravi
918 843 1114 898 docilis
1157 844 1411 900 Romana
1454 845 1733 901 iuventus.

449 929 704 984 sordidus
749 949 783 984 a
825 929 982 984 tenui
1022 929 1174 984 victu
1217 930 1469 998 distabit,
1515 931 1699 986 Ofello

445 1013 664 1082 iudice3
710 1034 839 1070 nam
880 1016 1086 1069 frustra
1127 1015 1327 1070 vitium
1370 1015 1631 1070 vitaveris
1673 1017 1831 1082 illud,

317 1103 398 1153 55
447 1100 496 1154 si
543 1108 602 1155 te
644 1100 754 1155 alio
796 1118 1031 1173 pravum
1077 1100 1399 1156 detorseris.
1486 1100 1813 1166 Avidienus‚

450 1185 537 1240 cui
583 1185 734 1240 canis
779 1205 852 1240 ex
893 1203 1026 1240 vero
1071 1187 1300 1240 ductum
1344 1203 1649 1257 cognomen
1694 1189 1984 1256 adhaeret,

452 1270 824 1343 quinquennis
868 1271 1020 1325 oleas
1067 1280 1154 1325 est
1197 1280 1257 1326 et
1299 1271 1575 1326 silvestria
1616 1290 1803 1340 corna,

452 1373 518 1410 ac
560 1355 669 1410 nisi
712 1364 983 1412 mutatum
1027 1355 1206 1426 parcit
1250 1357 1553 1411 defundere
1595 1357 1803 1424 vinum,
1852 1368 1909 1412 et
2066 1379 2083 1412 ι

462 1440 616 1496 cuius
661 1442 887 1499 odorem
931 1440 1041 1495 olei
1084 1459 1330 1512 nequeas
1375 1442 1641 1513 perferre,
1684 1443 1877 1498 licebit

336 1532 412 1584 60
461 1525 557 1582 ille
599 1527 814 1598 repotia
855 1526 1054 1581 natalis
1099 1525 1313 1582 aliosve
1356 1527 1572 1582 dierum

461 1611 632 1669 festos
677 1613 896 1667 albatus
941 1611 1208 1676 celebret,
1253 1630 1423 1666 cornu
1466 1613 1590 1685 ipse
1633 1613 1825 1668 bilibri

464 1698 714 1752 caulibus
757 1697 1011 1765 instillat,
1055 1694 1261 1751 veteris
1305 1715 1418 1752 non
1463 1716 1661 1770 parcus
1706 1698 1871 1754 aceti.

465 1783 618 1854 quali
662 1783 834 1855 igitur
877 1782 1028 1838 victu
1072 1780 1291 1852 sapiens
1335 1790 1543 1852 utetur,
1590 1793 1649 1840 et
1690 1785 1887 1838 horum

463 1875 651 1923 utrum
684 1867 1030 1923 imitabitur?
1072 1867 1180 1920 hac
1223 1877 1427 1940 urguet
1467 1870 1651 1942 lupus,
1696 1871 1799 1925 hac
1842 1868 2013 1936 canis,
2058 1867 2246 1924 aiunt..

339 1957 416 2006 65
463 1954 700 2008 mundus
741 1953 866 2020 erit,
910 1970 1022 2024 qua
1062 1969 1174 2006 non
1217 1953 1459 2008 offendat
1502 1955 1775 2024 sordibus,
1820 1963 1987 2027 atque

462 2038 524 2092 in
569 2047 823 2094 neutram
863 2045 1082 2111 partem
1123 2037 1305 2092 cultus
1350 2039 1537 2097 miser.
1623 2041 1715 2095 hic
1756 2058 1937 2111 neque
1983 2038 2179 2107 servis,

465 2123 663 2180 Albuti
703 2125 851 2180 senis
895 2122 1169 2196 exemp10‚
1211 2125 1344 2178 dum
1386 2126 1575 2181 munia
1618 2124 1765 2180 didit

468 2227 668 2265 saevus
715 2209 852 2275 erit3
897 2225 1005 2264 nec
1047 2208 1131 2262 sic
1173 2216 1237 2262 ut
1280 2209 1515 2282 simplex
1556 2211 1803 2266 Naevius
1848 2219 2072 2264 unctam

469 2294 714 2350 convivis
756 2293 1049 2366 praebebit
1089 2311 1316 2365 aquam:
1359 2295 1553 2351 vitium
1597 2297 1703 2352 hoc
1731 2315 1954 2369 quoque
1996 2312 2291 2366 magnum„

341 2388 416 2436 70
465 2379 652 2452 accipe
696 2399 860 2446 nunc,
904 2379 1082 2434 victus
1124 2379 1307 2434 tenuis
1352 2400 1494 2453 quae
1538 2391 1856 2455 quantaque
1900 2399 2084 2437 secum

464 2466 698 2520 adferat.
785 2466 842 2520 in
884 2463 1076 2538 primis
1121 2464 1309 2520 valeas
1350 2469 1513 2523 bene.
1602 2486 1731 2523 nam
1774 2467 1961 2522 variae
2001 2485 2091 2521 res

467 2558 529 2604 ut
571 2562 806 2606 noceant
848 2549 1075 2617 homini,
1122 2553 1335 2619 credas,
1378 2571 1589 2608 memor
1627 2553 1777 2608 illius
1822 2571 1997 2621 escae,

464 2653 605 2708 quae
649 2636 889 2709 simplex
931 2635 1063 2690 olim
1106 2635 1211 2690 tibi
1256 2638 1492 2693 sederit:
1538 2657 1595 2693 at
1638 2639 1803 2694 simul
1846 2638 1985 2694 assis

463 2720 748 2777 miscueris
794 2719 961 2787 elixa,
1007 2719 1172 2775 simul
1215 2724 1505 2794 conchylia
1546 2725 1746 2789 turdis,

339 2814 414 2862 75
465 2805 652 2860 dulcia
695 2825 754 2862 se
797 2807 857 2861 in
903 2806 1070 2862 bilem
1114 2814 1354 2878 vertent,
1398 2812 1793 2882 stomachoque
1836 2809 2140 2864 tumultum

464 2891 617 2946 lenta
659 2891 804 2948 feret
846 2892 1066 2965 pituita.
1157 2891 1312 2948 vides
1358 2902 1421 2949 ut
1461 2895 1703 2968 pallidus
1750 2894 1929 2949 omnis

463 2994 601 3031 cena
643 2979 910 3050 desurgat
954 2979 1164 3037 dubia?
1209 2981 1343 3051 quin
1386 2999 1587 3053 corpus
1632 2988 1889 3036 onustum

463 3062 738 3118 hesternis
782 3064 933 3118 vitiis
969 3064 1210 3121 animum
1255 3084 1477 3138 quoque
1519 3073 1854 3138 praegravat
1896 3081 2009 3120 una

463 3155 632 3219 atque
677 3151 870 3222 adfigit
913 3151 1082 3205 humo
1127 3151 1347 3205 divinae
1390 3151 1717 3222 particulam
1761 3168 1946 3205 aurae.

333 3239 412 3288 80
463 3232 618 3299 alter,
665 3235 762 3288 ubi
805 3235 956 3288 dicto
1004 3235 1164 3292 citius
1211 3245 1405 3291 curata
1446 3237 1633 3308 sopori

459 3319 706 3392 membra
750 3320 922 3386 dedit,
968 3331 1201 3392 vegetus
1246 3321 1591 3394 praescripta
1634 3323 1705 3376 ad
1750 3320 1938 3376 munia
1982 3321 2193 3393 surgit.

462 3402 552 3456 hic
597 3413 782 3459 tamen
827 3408 898 3458 ad
943 3406 1142 3462 melius
1186 3407 1393 3478 poterit
1436 3417 1815 3463 transcurrere
1863 3409 2141 3479 quondam
2152 3427 2177 3474 ‚-

463 3487 578 3541 sive
626 3489 773 3542 diem
817 3493 1018 3544 festum
1063 3493 1286 3564 rediens
1332 3493 1621 3548 advexerit
1666 3511 1860 3560 annus,
