2459 3959
177 326 402 372 XXVIII

181 460 258 524 B.
293 463 455 525 tauri
497 472 644 525 ante
670 459 725 523 B
753 484 832 524 ex
879 460 1060 525 libris
1107 462 1506 548 interpolatis
1538 462 1563 546 ΙΙ
1597 467 1699 528 59.
1750 464 1829 530 60
1878 464 2135 528 e-lidere

175 548 402 612 collum
444 547 684 611 Muret.
731 545 955 609 BHM.
1004 548 1085 609 cf.
1133 547 1209 611 P.
1260 548 1407 611 adn.
1469 564 1532 611 et
1592 548 1863 613 Lachm.
1917 546 1999 610 ad
2048 548 2128 611 L.

179 655 248 717 p.
271 634 414 697 324.
447 633 680 697 laedere
725 633 949 697 collum
994 656 1080 719 vg
1113 634 1136 709 ΙΙ
1169 636 1253 698 69
1298 636 1612 699 abstinebis
1634 635 1729 699 M.
1754 634 1955 719 praef.
1981 652 2129 697 xlx.

175 718 472 782 abstineto
515 717 684 781 libri.
748 752 829 763 -
885 716 1170 782 CARM.
1215 718 1553 783 XXVIII.
1602 723 1639 783 6
1685 732 1798 784 stet
1844 721 2002 783 dies:
2051 719 2131 783 cf.

179 801 452 867 Lachm.
512 802 578 866 in
639 826 697 866 n.
744 826 904 866 mus.
968 804 1144 867 rhen.
1189 803 1317 868 111.
1364 806 1508 869 616.
1555 806 1806 869 invicem
1851 828 1891 867 v
1968 804 1991 885 ΙΙ
2030 808 2129 868 11.

175 900 314 953 tum
356 887 627 953 Lachm.
658 888 698 952 l.
722 888 761 951 l.
802 888 967 954 ΗΜ.
1003 889 1240 955 tulibri
1275 894 1297 969 ΙΙ
1336 893 1415 954 14
1438 892 1704 977 Paphon
1727 827 1955 954 anteffi
1988 889 2016 971 ΙΙ
2049 894 2129 955 16

180 983 329 1058 post
372 976 604 1039 dicetur
645 974 1183 1059 interpunxerunt
1219 974 1366 1039 BH.
1413 992 1559 1060 post
1606 976 1879 1041 oloribus
1914 996 2021 1060 vg.
2050 1008 2133 1021 --

183 1057 471 1123 CARM.
494 1058 770 1123 XXIX.
797 1066 856 1125 5.
882 1062 922 1124 6
952 1063 1117 1147 eripe
1164 1072 1218 1123 te
1260 1084 1485 1126 morae.
1533 1061 1627 1124 hio
1647 1060 1735 1124 H.
1770 1082 1851 1123 ex
1881 1059 2131 1124 emend.

183 1143 456 1209 Lachm.
519 1146 586 1208 in
632 1168 692 1209 n.
739 1166 903 1208 mue.
963 1146 1140 1209 rhen.
1184 1164 1280 1210 111.
1327 1147 1472 1213 616.
1533 1168 1581 1209 e.
1643 1157 1701 1210 te
1753 1170 1992 1223 morae,
2054 1168 2132 1210 ne

183 1228 352 1294 libri.
395 1232 478 1295 cf.
525 1229 617 1293 M.
663 1233 861 1313 praef.
893 1249 1020 1295 XIX
1053 1233 1076 1311 ΙΙ
1111 1235 1187 1295 17
1235 1232 1671 1296 Andromedae
1710 1252 1829 1317 pro
1874 1232 2129 1295 Andro-

186 1316 384 1380 mede-s
401 1338 479 1379 ex
499 1314 653 1399 er.
681 1315 942 1380 codd.B
973 1317 998 1398 ΙΙ
1033 1318 1112 1381 34
1131 1341 1389 1403 aequore
1406 1340 1484 1380 ex
1502 1316 1685 1380 codd.
1706 1314 1958 1392 goren.
1988 1317 2019 1399 ΙΙ
2049 1316 2128 1377 47

184 1401 547 1479 infectumve
569 1400 663 1465 M.
709 1404 776 1465 in
822 1402 967 1464 adn.
995 1405 1401 1488 infectumque
1429 1401 1576 1465 libri
1610 1403 1633 1482 ΙΙ
1666 1404 1748 1465 52
1778 1426 1940 1465 nunc
1981 1400 2137 1465 mihi

185 1509 351 1551 nune
393 1486 530 1550 alii:
577 1488 660 1551 cf.
712 1487 782 1553 S.
814 1486 978 1552 11.2.
1011 1491 1151 1553 135.
1198 1488 1470 1552 Lachm.
1517 1486 1601 1549 ad
1648 1486 1724 1549 L.
1750 1508 1812 1572 p.
1835 1486 1958 1553 249
1990 1485 2019 1567 ΙΙ
2048 1489 2131 1553 62

187 1582 320 1635 tum
362 1569 586 1635 BHM.
633 1586 776 1637 tunc
819 1596 860 1636 v
912 1623 924 1635 .
971 1574 1146 1657 quod
1191 1573 1369 1637 nullo
1430 1572 1555 1637 alio
1601 1572 1745 1635 loco
1790 1576 1853 1635 in
1904 1572 2134 1635 carmi-

185 1653 384 1720 nibus
426 1657 486 1719 le
537 1656 686 1720 itur.
734 1694 814 1703 —-
925 1657 1141 1722 ARM.
1187 1659 1428 1723 XXX.
1476 1680 1699 1721 versus
1750 1660 1849 1721 11.
1879 1660 1957 1721 12
2002 1676 2133 1720 non

183 1739 271 1805 ab
317 1742 460 1826 ipso
489 1678 780 1806 ἧ-Ιοταῑὶο
844 1746 1121 1829 scriptos
1183 1768 1325 1808 esse
1368 1743 1527 1806 vidit
1571 1743 1643 1807 P.
1690 1741 1873 1826 prob.
1922 1742 2135 1805 Bern-

185 1825 436 1910 hardyo
482 1826 730 1905 (Jahrb.
753 1830 798 1892 f.
824 1828 1232 1892 wiss.Kritik
1268 1831 1451 1895 1835.
1497 1828 1533 1891 I
1575 1828 1799 1913 p.754.
1833 1827 1981 1891 hist.
2012 1826 2135 1890 litt.

186 1934 345 1976 rom.
404 1911 554 1977 adn.
602 1916 724 1981 451
775 1919 930 1991 ext.)
993 1915 1072 1979 cf.
1141 1926 1290 1979 ante
1350 1914 1435 1978 ad
1488 1913 1539 1977 I.
1586 1917 1690 1979 22.
1743 1915 1841 1979 14.
1887 1912 2134 1977 accedit

189 1997 366 2080 quod
411 1997 606 2064 trium
651 2021 817 2085 quae
861 2000 1179 2086 genuinae
1241 2013 1393 2065 sunt
1437 1998 1847 2083 stropharum
1892 1998 2167 2083 princi-

185 2085 296 2166 pia
339 2085 532 2148 facile
578 2106 970 2172 cognoscere
1013 2086 1165 2150 licet
1207 2085 1454 2150 ratione
1484 2084 1703 2149 habita
1734 2084 2135 2168 repetitionis

186 2168 346 2232 satis
392 2172 785 2256 perspicuae,
834 2193 914 2235 ex
958 2193 1088 2256 qua
1116 2192 1266 2235 cum
1300 2169 1614 2256 gravitate
1656 2171 1938 2254 quadam
1981 2190 2134 2253 gra-

185 2254 469 2318 dationis
536 2278 678 2321 sese
743 2257 1072 2341 excipiunt
1128 2260 1301 2343 eaeeyi
1354 2268 1807 2321 monumentum
1863 2306 1875 2317 .
1936 2301 1951 2318 .
2011 2277 2137 2320 non

185 2342 387 2403 omnis
429 2343 667 2406 moriar
711 2390 728 2405 .
774 2390 788 2404 .
835 2344 1028 2408 dicar.
1073 2342 1140 2405 in
1164 2340 1223 2406 ir.
1251 2345 1327 2409 15
1354 2353 1420 2405 tu
1448 2340 1873 2425 interpolator
1911 2340 2137 2404 eodem

189 2424 458 2490 artificio
504 2428 813 2505 mutavit,
877 2450 1005 2512 quo
1065 2450 1220 2492 usos
1265 2426 1564 2491 videmus
1610 2425 1721 2510 qui
1767 2448 1866 2489 vv.
1912 2423 2030 2490 IV.
2074 2428 2133 2490 4.

192 2512 447 2578 18--22
495 2528 558 2575 et
607 2514 702 2577 14.
751 2515 1003 2579 25—28
1048 2512 1327 2577 Horatio
1385 2511 1814 2576 adfluxerunt.
1863 2511 1944 2575 cf.
1991 2520 2138 2575 ante

186 2596 277 2663 ad
318 2596 442 2662 ΠΙ.
494 2602 591 2664 16.
623 2600 720 2664 38.

773 2798 1214 2860 mmm
1256 2797 1412 2858 LIB.
1459 2796 1571 2857 1v.

365 2948 649 3015 CARM.
685 2948 734 3012 Ι.
779 2952 818 3013 4
865 2952 1052 3015 bonae
1089 2948 1385 3014 Cinarae:
1430 2946 1508 3012 cf.
1547 2945 1791 3010 Buttm.
1840 2943 2047 3029 Myth.
2077 2943 2128 3006 I.

195 3037 325 3100 308
359 3036 385 3119 ΙΙ
417 3039 455 3100 9
493 3039 559 3099 in
589 3039 841 3100 domum
871 3035 948 3099 B.
985 3038 1051 3099 in
1081 3037 1262 3100 domo
1296 3033 1451 3119 er.
1485 3032 1621 3096 Fea
1650 3045 1714 3094 et
1745 3030 1824 3094 de
1858 3029 2138 3094 Blandd.

193 3120 361 3184 male
429 3122 798 3185 coniectans
845 3120 1005 3184 Ritt.
1039 3122 1089 3221 ,u
1141 3123 1218 3184 10
1262 3119 1593 3219 purpureis
1621 3116 1713 3218 ‚B'
1770 3115 2139 3215 2⁹0⁷‘th01'32

194 3203 355 3290 er.
415 3206 536 3290 Ply
600 3210 623 3288 ΙΙ
683 3209 759 3270 16
818 3206 939 3271 late
995 3230 1170 3291 sayna
1217 3207 1384 3288 feret
1444 3203 1701 3266 malthae
1767 3213 1908 3266 tuae
1997 3198 2139 3275 ibri,

197 3292 593 3377 transposuit
653 3291 749 3356 M.
806 3290 1008 3393 praef.
1070 3308 1202 3353 xlx
1248 3290 1276 3369 ΙΙ
1330 3291 1406 3353 18
1454 3288 1631 3435 lami]
1654 3285 1917 3436 Blgssssl
1952 3285 2141 3370 lav-92⁰3

188 3374 349 3547 ξῖεἶ
393 3377 578 3551 {gun
606 3372 1584 3530 zi⁰rgitt⁹iissiffxssdugi³'ssliiff
1627 3372 2135 3558 {tuebimiyipfgi‘ss

196 3548 448 3614 aceedit
513 3547 710 3617 Goth.
771 3550 833 3614 2.
905 3548 1190 3634 lyraeque
1262 3557 1317 3611 et
1374 3548 1785 3633 Berecyntiae
1830 3589 1845 3605 .
1895 3591 1908 3604 .
1955 3543 2139 3607 tzbzae
