2459 3959
311 298 404 361 20
1103 304 1537 361 CARMINVM·

436 459 752 534 plectantur
794 460 964 516 silvae
1005 467 1064 515 te
1108 463 1333 535 sospite,
1378 461 1665 533 multaque
1708 479 1921 518 merces

529 548 679 600 unde
721 554 908 618 potest
951 546 1056 602 tibi
1099 550 1309 604 defluat
1352 566 1529 620 aequo

445 676 516 729 ab
557 673 694 730 Iove
736 675 1112 749 Neptunoque
1156 676 1299 731 sacri
1342 678 1570 732 custode
1614 676 1862 733 Tarenti.

323 766 399 815 80
533 761 784 831 neglegis
828 761 1101 816 inmeritis
1145 764 1449 817 nocituram

444 847 737 918 postmodo
781 853 839 901 te
881 848 1024 903 natis
1068 847 1319 904 fraudem
1364 846 1731 903 conmittere?
1774 847 1891 903 fors
1935 856 1991 903 et

532 931 722 986 debita
762 931 888 986 iura
931 932 1194 1007 vicesque
1240 934 1507 1007 superbae

443 1064 502 1114 te
545 1067 803 1113 maneant
846 1059 1057 1131 ipsum:
1099 1061 1356 1133 precibus
1399 1079 1509 1115 non
1554 1060 1773 1133 linquar
1816 1060 2025 1130 inultis,

533 1152 700 1217 teque
743 1144 963 1217 piacula
1003 1147 1158 1201 nulla
1201 1145 1504 1202 resolvent.

323 1234 398 1284 35
449 1248 762 1304 quanquam
805 1231 1052 1299 festinas,
1099 1250 1209 1287 non
1256 1239 1341 1285 est
1384 1250 1537 1287 mora
1576 1231 1773 1305 longa3
1818 1231 2010 1287 licebit

528 1315 734 1371 iniecto
777 1324 864 1371 ter
905 1316 1134 1389 pulvere
1188 1334 1394 1372 curras.

1187 1598 1400 1653 XXIX

446 1744 578 1813 Ioci,
625 1742 800 1800 beatis
843 1761 992 1798 nunc
1035 1742 1283 1799 Arabum
1326 1743 1543 1800 invides

445 1830 596 1904 gazis
641 1838 697 1885 et
741 1847 924 1884 acrem
968 1829 1217 1883 militiam
1261 1847 1423 1900 paras

531 1934 642 1970 non
685 1923 812 1971 ante
857 1914 1085 1969 devictis
1132 1915 1377 1969 Sabaeae

613 2000 853 2073 regibus,
900 1999 1265 2072 horribilique
1304 2001 1473 2055 Medo

363 2181 395 2231 δ
444 2174 622 2230 nectis
667 2180 910 2227 catenas·
957 2190 1098 2245 quae
1143 2173 1249 2228 tibi
1292 2171 1569 2245 virginum

442 2278 646 2334 sponso
690 2266 881 2313 necato
927 2260 1162 2312 barbara
1206 2259 1452 2314 serviet?

528 2363 667 2419 puer
710 2343 832 2416 quis
879 2363 950 2398 ex
993 2344 1120 2398 aula
1163 2344 1376 2416 capillis

613 2431 682 2483 ad
728 2430 984 2499 cyathum
1027 2436 1301 2484 statuetur
1345 2430 1545 2499 unctis,

439 2604 640 2657 doctus
683 2600 912 2673 sagittas
956 2602 1189 2655 tendere
1236 2600 1451 2655 Sericas

322 2691 397 2746 10
441 2706 574 2743 arcu
616 2686 888 2759 paterno?
941 2685 1063 2758 quis
1106 2694 1276 2756 neget
1320 2685 1507 2741 arduis

526 2790 730 2847 pronos
773 2771 949 2826 relabi
992 2788 1157 2844 posse
1198 2771 1348 2826 rivos

611 2857 892 2914 montibus
936 2864 994 2911 et
1038 2856 1288 2911 Tiberim
1329 2856 1550 2922 reverti,

445 3050 568 3087 cum
611 3038 674 3085 tu
721 3034 1002 3099 coemptos
1049 3027 1295 3100 undique
1339 3029 1542 3084 nobilis

445 3118 616 3171 libros
658 3114 892 3168 Panaeti
935 3113 1275 3169 Socraticam
1321 3121 1375 3169 et
1422 3116 1643 3171 domum

324 3210 395 3259 15
528 3208 742 3256 mutare
785 3199 969 3254 loricis
1012 3199 1258 3267 Hiberis,

613 3284 896 3359 pollicitus
939 3284 1183 3351 meliora,
1227 3283 1455 3339 tendis?
