2459 3959
279 312 410 373 176

327 733 401 782 95

287 1162 401 1214 100

286 1591 401 1645 105

283 2016 402 2070 110

286 2447 404 2499 115

285 2871 404 2926 120

288 3302 402 3350 125

1031 321 1491 377 SATIRARVM
1547 280 1562 293 ”

453 474 772 545 pauperiem
818 475 1010 530 vitium
1059 485 1115 530 et
1161 477 1309 530 cavit
1354 477 1492 531 nihil
1536 479 1733 540 acrius,
1784 491 1863 544 ut,
1914 479 1960 532 si

451 559 608 628 sortq
645 560 827 614 minus
871 561 1119 632 locuples
1164 581 1276 616 uno
1320 565 1627 634 quadrante
1668 565 1923 636 perisset,

450 643 573 715 ipse
615 645 902 700 videretur
945 646 1049 702 sibi
1094 648 1347 719 nequior.
1439 650 1615 703 omnis
1660 649 1805 704 enim
1850 669 1955 715 res,

451 729 628 784 virtus
672 731 818 785 fama
867 734 1053 798 decus,
1099 733 1291 787 divina
1330 735 1680 807 humanaque
1724 735 1969 807 pulchris

452 815 662 871 divitiis
705 825 940 889 parent3
987 835 1126 889 quas
1172 819 1270 890 qui
1315 819 1703 883 construxerit,
1752 821 1856 875 ille

450 902 628 956 clarus
675 902 798 962 erit,
844 903 1025 968 fortis,
1070 903 1269 961 iustus.
1317 903 1633 976 ‘sapiensne
1650 905 1695 958 Ῥ
1740 906 1923 972 etiam,
1970 919 2027 962 et
2070 929 2181 964 rex

450 995 508 1040 et
552 987 822 1059 quidquid
867 988 1035 1043 volet.
1122 991 1250 1056 hoc,
1294 990 1470 1044 veluti
1518 990 1725 1045 virtute
1768 1002 2046 1062 paratum,

449 1072 692 1143 speravit
735 1091 968 1144 magnae
1011 1075 1164 1129 laudi
1203 1074 1346 1130 forr.
1434 1077 1567 1147 quid
1612 1076 1789 1130 simile
1833 1076 1927 1132 isti

451 1155 695 1212 Graecus
740 1158 1104 1231 Aristippus?
1149 1159 1245 1231 qui
1290 1179 1477 1214 servos
1521 1161 1770 1232 proicere
1816 1181 2012 1217 aurum

452 1242 508 1296 in
554 1243 737 1297 media
780 1243 944 1298 iussit
985 1245 1180 1317 Libya,
1227 1247 1360 1316 quia
1400 1245 1615 1301 tardius
1658 1245 1800 1301 irent

452 1339 681 1399 propter
725 1347 865 1383 onus
910 1348 1122 1401 segnes.
1211 1339 1339 1385 uter
1380 1341 1463 1386 est
1508 1330 1753 1386 insanior
1796 1333 2041 1388 borum?

451 1413 530 1466 nil
575 1414 691 1486 agit
735 1416 1066 1485 exemplum,
1117 1416 1272 1470 litem
1316 1419 1466 1487 quod
1508 1415 1608 1470 lite
1652 1418 1897 1472 resolvit.

453 1498 626 1570 siquis
671 1511 818 1555 emat
861 1501 1118 1570 citharas,
1167 1511 1382 1572 emptas
1426 1511 1718 1574 conportet
1760 1503 1817 1556 in
1862 1523 2053 1566 unum,

451 1601 557 1638 nec
601 1585 788 1640 studio
833 1584 1076 1642 citharae
1119 1605 1223 1640 nec
1266 1587 1463 1641 Musae
1508 1587 1731 1642 deditus
1776 1588 1895 1653 ulli,

451 1669 498 1723 si
543 1671 756 1742 scalpra
800 1679 858 1726 ct
898 1671 1100 1726 formas
1143 1690 1258 1726 non
1302 1681 1479 1740 sutor,
1526 1672 1746 1728 nautica
1789 1675 1914 1730 vela

449 1771 674 1810 aversus
718 1757 1065 1826 mercaturis,
1111 1757 1323 1812 delirus
1368 1764 1425 1810 et.
1467 1775 1655 1812 amens

449 1840 694 1912 undique
740 1841 954 1895 dicatur
997 1843 1214 1899 merito.
1304 1842 1401 1914 qui
1446 1843 1726 1914 discrepat
1768 1843 1910 1913 istis,

452 1924 549 1998 qui
593 1943 843 1981 nummos
889 1945 1192 2000 aurumque
1234 1926 1511 1996 recondit,
1560 1929 1777 1984 nescius
1820 1930 1903 1985 uti

449 2011 753 2083 conpositis
797 2021 1160 2086 metuensque
1203 2014 1359 2067 velut
1404 2013 1727 2086 contingere
1771 2015 2037 2070 sacrum?

450 2096 622 2169 siquis
668 2098 739 2152 ad
783 2097 1064 2169 ingentem
1107 2099 1371 2153 frumenti
1416 2117 1634 2170 semper
1678 2117 1931 2155 acervum

448 2191 736 2255 porrectus
779 2183 973 2255 vigilet
1017 2203 1142 2239 cum
1183 2185 1355 2254 longo
1398 2185 1561 2252 fuste,
1606 2203 1791 2256 neque
1833 2186 1990 2241 illinc

451 2269 655 2322 audeat
699 2268 948 2323 esuriens
980 2269 1236 2324 dominus
1267 2269 1613 2341 confringere
1658 2288 1915 2340 granum,

451 2371 516 2407 ac
558 2353 742 2425 potius
785 2353 932 2408 soliis
976 2373 1176 2426 parcus
1220 2363 1480 2409 vescatur
1522 2355 1750 2423 amaris;

455 2437 502 2493 si
545 2437 742 2510 positis
786 2438 935 2494 intus
982 2439 1107 2496 Chii
1151 2439 1468 2512 veterisque
1511 2438 1737 2495 Falerni

450 2523 604 2579 mille
651 2525 822 2594 cadis,
865 2524 1005 2580 nibil
1051 2537 1157 2594 est,
1203 2535 1295 2581 ter
1338 2533 1555 2580 centum
1600 2524 1842 2595 milibus,
1889 2544 2015 2582 acre

451 2618 612 2682 potet
654 2619 904 2676 acetum;
953 2631 1078 2685 age,
1124 2612 1172 2666 si
1217 2619 1276 2666 et
1320 2610 1635 2667 stramentis
1679 2611 1908 2668 incubet
1949 2615 2109 2668 unde

452 2694 738 2766 octoginta
781 2715 955 2752 annos
1001 2707 1184 2767 natus,
1230 2698 1320 2754 cui
1365 2696 1613 2769 stragula
1652 2697 1848 2766 vestis,

455 2782 747 2836 blattarum
793 2799 858 2836 ac
901 2783 1176 2837 tinearum
1221 2784 1434 2856 epulae,
1477 2789 1762 2854 putrescat
1804 2783 1860 2836 in
1904 2801 2060 2838 arca:

452 2866 710 2922 nimirum
755 2867 981 2922 insanus
1024 2868 1214 2939 paucis
1261 2870 1534 2936 videatur,
1584 2885 1651 2921 eo
1696 2870 1846 2941 quod

451 2952 696 3008 maxima
738 2972 865 3026 pars
912 2953 1196 3008 hominum
1242 2955 1434 3008 morbo
1478 2954 1717 3008 iactatur
1762 2955 1978 3010 eodem.

450 3038 597 3092 filius
643 3048 739 3093 aut
783 3038 951 3094 etiam
994 3040 1131 3094 haec
1163 3039 1393 3094 libertus
1439 3049 1501 3094 ut
1545 3038 1737 3093 ebibat
1778 3040 1960 3108 heres,

451 3123 538 3178 dis
580 3123 803 3178 inimice
850 3142 1038 3192 senex,
1085 3125 1369 3180 custodis?
1412 3142 1483 3179 ne
1526 3123 1631 3180 tibi
1675 3124 1860 3179 desit?

451 3210 780 3280 quantulum
825 3210 971 3265 enim
1016 3229 1261 3266 summae
1306 3209 1546 3265 curtabit
1590 3209 1827 3283 quisque
1871 3211 2118 3282 dierum,

451 3312 700 3364 unguere
745 3294 792 3348 si
838 3296 1009 3350 caulis
1053 3297 1179 3351 oleo
1223 3296 1455 3350 meliore
1499 3305 1777 3368 caputque

449 3379 698 3450 coeperis
743 3379 948 3451 inpexa
988 3382 1212 3435 foedum
1256 3379 1580 3452 porrigine?
1626 3399 1818 3453 quare,

452 3462 499 3515 si
543 3462 763 3533 quidvis
809 3464 942 3518 satis
989 3473 1095 3533 est,
1142 3466 1422 3537 periuras,
1470 3466 1719 3539 surripis,
1767 3466 1955 3522 aufers

452 3547 737 3619 undiquc?
782 3557 880 3601 tun
927 3550 1130 3603 sanus?
1177 3551 1439 3622 populum
1474 3550 1517 3604 si
1564 3554 1795 3608 caedere
1840 3551 1991 3606 saxis
