2459 3959
291 312 296 319 ’
337 312 424 379 22
1097 308 1523 369 CARMINVM
1558 324 1563 330 ·

1206 491 1417 547 XXIII

469 644 629 699 Vitas
673 642 938 697 hinnuleo
983 659 1069 699 me
1114 640 1305 695 similis
1351 638 1524 695 Chloe

471 729 759 802 quaerenti
803 728 1058 801 pavidam
1101 727 1379 781 montibus
1424 724 1562 780 aviis
1633 764 1636 767 -

553 822 783 870 matrem
826 833 938 868 non
983 814 1102 867 sine
1145 829 1290 866 vano

641 918 894 955 aurarum
938 906 996 953 et
1038 897 1209 953 siluae
1254 903 1427 951 metu.

395 1036 426 1086 5
475 1048 602 1085 nam
646 1046 742 1084 seu
787 1026 1082 1082 mobilibus
1126 1023 1323 1096 vepris‘
1358 1022 1634 1077 inhorruit

477 1118 549 1171 ad
593 1123 817 1169 ventum
859 1112 1027 1179 foliis,
1072 1129 1170 1165 seu
1213 1110 1416 1163 virides
1460 1109 1659 1162 rubum

561 1202 840 1255 dimovere
885 1199 1139 1265 lacertae,

650 1294 708 1342 et
751 1286 917 1339 corde
963 1292 1019 1337 et
1061 1280 1297 1355 genibus
1339 1278 1546 1335 tremit.

477 1416 630 1491 atqui
673 1434 785 1499 nqn
831 1432 936 1487 ego
981 1421 1037 1468 te
1082 1411 1241 1483 tigris
1287 1419 1349 1465 ut
1394 1424 1587 1480 aspera

358 1507 432 1559 10
481 1502 819 1559 Gaetulusve
865 1501 951 1555 leo
996 1498 1251 1569 frangere
1294 1513 1631 1569 persequor:

564 1589 788 1642 tandem
833 1585 1023 1640 desine
1068 1592 1302 1638 matrem

646 1672 977 1745 tempestiva
1019 1669 1178 1740 sequi
1221 1668 1365 1723 vix-0.

1120 1830 1258 1839 -ιι

1219 1992 1425 2049 XXIV

489 2147 626 2213 Quis
672 2145 946 2201 desiderio
993 2141 1064 2197 sit
1105 2142 1285 2213 pudor
1327 2147 1422 2193 aut
1464 2140 1657 2193 modus

488 2244 602 2287 tam
647 2232 759 2287 cari
803 2229 1034 2302 capitis?
1078 2228 1337 2299 praecipe
1383 2225 1631 2294 lugubris

491 2326 702 2383 cantus,
746 2317 1116 2387 Melpomene,
1171 2312 1260 2366 oui
1306 2312 1571 2383 liquidam
1614 2316 1773 2381 pater

575 2421 768 2459 vocem
813 2420 936 2456 oum
979 2400 1190 2455 cithara
1234 2396 1405 2453 dedit.

411 2544 441 2591 5
491 2552 623 2607 ergo
671 2530 1003 2596 Quintilium
1046 2536 1349 2601 perpetuus
1394 2543 1562 2597 sopor

491 2618 732 2692 urguet?
779 2616 866 2671 cui
909 2616 1096 2670 Pudor
1140 2623 1196 2667 et
1239 2611 1491 2666 Iustitiae
1538 2626 1710 2675 soror,

492 2708 811 2775 incorrupta
854 2702 1040 2768 Fides,
1085 2700 1341 2769 nudaque
1385 2693 1605 2751 Veritas

582 2791 800 2863 quando
845 2788 1018 2842 ullum
1060 2784 1306 2838 inveniet
1347 2779 1572 2855 parem?

495 2919 683 2973 multis
728 2918 822 2971 ille
867 2914 1027 2969 bonis
1071 2910 1272 2967 flebilis
1317 2908 1535 2972 occidit,

379 3014 451 3062 10
497 3005 640 3060 nulli
681 3002 938 3066 flebilior,
985 3017 1150 3071 quam
1193 2995 1313 3061 tibi,
1358 2994 1593 3066 Vergili.

498 3100 562 3145 tu
603 3090 806 3143 frustra
848 3087 971 3157 pius
1015 3085 1122 3138 heu
1167 3101 1280 3137 non
1324 3081 1403 3135 ita
1448 3081 1717 3135 creditum

587 3173 770 3248 poscis
819 3170 1150 3237 Quintilium
1193 3170 1350 3223 deos,

505 3305 638 3379 quid
683 3303 729 3357 si
774 3300 1034 3355 Threicio
1080 3298 1337 3355 blandius
1384 3297 1613 3368 Orpheo

500 3390 745 3445 auditam
787 3389 1072 3443 moderere
1118 3382 1404 3440 arboribus
1451 3384 1631 3446 fidem,

387 3485 458 3535 15
507 3495 641 3531 num
682 3492 854 3528 vanae
897 3474 1090 3527 redeat
1133 3469 1357 3541 sanguis
1402 3466 1646 3539 imagini,

593 3578 757 3634 quam
799 3559 956 3630 virga
999 3557 1170 3613 semel
1212 3556 1435 3611 horrida
