2459 3959
348 311 472 376 148
1091 321 1547 377 SATIRARVM

511 481 597 529 est
640 473 827 546 opifex
879 475 1046 543 solus,
1091 473 1171 530 sic
1214 477 1357 531 rex.’
1442 477 1658 532 vellunt
1700 475 1803 530 tibi
1848 477 2062 532 barbam

507 559 698 614 lascivi
741 559 932 632 pueri3
977 578 1114 632 quos
1158 568 1221 615 tu
1264 562 1373 617 nisi
1416 563 1562 618 fuste
1608 579 1845 628 coerces,

342 650 456 700 135
505 644 757 718 argueris
801 647 965 700 turba
1008 647 1214 702 circum
1257 655 1313 702 te
1358 655 1559 715 stante,
1608 647 1881 718 miserque

503 730 774 802 rumperis
821 740 878 786 et
922 732 1107 800 latras,
1153 751 1477 804 magnorum
1520 732 1757 787 maxime
1799 749 2011 803 regum.

499 833 572 870 ne
615 817 841 887 longum
884 816 1112 872 faciam:
1159 819 1290 871 dum
1332 825 1395 871 tu
1439 820 1745 889 quadrante
1790 818 2029 872 lavatum

497 919 599 955 rex
645 901 750 955 ibis
796 919 978 973 neque
1021 911 1079 957 te
1123 901 1415 974 quisquam
1460 903 1696 976 stipator
1738 902 1986 973 ineptum

495 994 719 1059 praeter
763 985 1078 1058 Crispinum
1121 987 1437 1054 sectabitur,
1482 997 1539 1042 et
1579 987 1715 1042 mibi
1760 989 1949 1042 dulces

333 1078 448 1126 140
495 1071 806 1142 ignoscent,
853 1072 1036 1144 siquid
1080 1088 1382 1142 peccavero
1428 1073 1651 1140 stultus,
1696 1073 1875 1140 amici,

493 1157 664 1229 inque
707 1158 885 1212 vicem
931 1157 1148 1211 illorum
1191 1157 1372 1228 patiar
1418 1158 1623 1212 delicta
1667 1158 1925 1225 libenter,

490 1243 852 1316 privatusque
896 1242 1070 1313 magis
1114 1241 1296 1296 vivam
1340 1250 1397 1296 te
1442 1261 1575 1314 rege
1620 1245 1831 1298 beatus.

1246 1525 1336 1580 IV

486 1671 720 1743 Eupolis
764 1679 928 1743 atque
973 1670 1230 1728 Cratinus
1275 1670 1795 1744 Aristophanesque
1839 1678 2032 1744 poetae

486 1765 652 1828 atque
697 1756 791 1811 alii
835 1774 1068 1827 quorum
1114 1756 1397 1810 comoedia
1439 1755 1627 1828 prisca
1672 1757 1882 1811 viorum
1930 1764 2035 1822 est,

486 1842 656 1913 siquis
702 1849 821 1896 erat
866 1841 1066 1912 dignus
1113 1841 1369 1908 describi,
1416 1843 1567 1913 quod
1612 1844 1791 1896 malus
1835 1861 1899 1896 ac
1938 1845 2049 1911 fur,

486 1929 635 1998 quod
678 1927 937 1981 moechus
981 1927 1125 1980 foret
1171 1935 1268 1980 aut
1313 1927 1541 1981 sicarius
1589 1936 1685 1982 aut
1729 1927 1937 2000 alioqui

402 2017 434 2067 5
483 2014 742 2078 famosus,
787 2011 964 2066 multa
1006 2029 1127 2065 cum
1171 2012 1435 2066 libertate
1479 2015 1765 2068 notabant.

479 2098 609 2152 hinc
651 2098 828 2152 omnis
872 2099 1078 2168 pendet
1120 2096 1382 2166 Lucilius,
1428 2099 1592 2153 hosce
1640 2107 1880 2166 secutus,

478 2182 702 2237 mutatis
747 2190 961 2237 tantum
995 2182 1228 2255 pedibus
1274 2183 1659 2256 numerisque;
1704 2186 1935 2252 facetus,

481 2276 767 2324 emunctae
812 2267 976 2327 naris,
1023 2269 1192 2322 durus
1238 2286 1546 2340 conponere
1590 2289 1801 2324 versus.

477 2373 604 2408 nam
646 2352 751 2407 fuit
794 2354 902 2408 hoc
945 2351 1206 2408 vitiosus:
1252 2353 1308 2407 in
1353 2355 1489 2408 hora
1533 2373 1699 2426 saepe
1745 2356 2025 2419 ducentos,

354 2444 429 2498 10
475 2448 537 2494 ut
577 2456 856 2509 magnum,
903 2457 1091 2493 versus
1138 2439 1382 2493 dictabat
1425 2448 1577 2493 stans
1622 2442 1767 2512 pede
1810 2439 1867 2491 in
1910 2456 2053 2506 uno;

475 2545 596 2580 eum
639 2525 836 2579 flueret
877 2525 1198 2591 lutulentus,
1247 2533 1364 2578 erat
1409 2527 1557 2596 quod
1602 2526 1799 2580 tollere
1841 2523 2042 2592 velles;

472 2611 726 2684 garrulus
773 2617 936 2681 atque
981 2608 1141 2681 piger
1184 2609 1433 2664 scibendi
1476 2610 1620 2665 ferre
1664 2611 1926 2675 laborem,

468 2694 744 2752 scribendi
785 2705 967 2763 recte3
1015 2714 1141 2750 nam
1185 2704 1248 2749 ut
1290 2695 1541 2763 multum,
1589 2695 1667 2749 nil
1710 2712 1911 2748 moror.
1999 2709 2127 2750 ecce

470 2781 754 2853 Crispinus
799 2779 1023 2834 minimo
1065 2799 1155 2834 me
1198 2788 1493 2854 provocat:
1548 2779 1774 2852 ‘accipe,
1821 2778 1868 2833 si
1910 2778 2014 2847 vis,

345 2876 418 2926 15
467 2867 728 2939 accipiam
774 2867 1021 2934 tabulas3
1070 2868 1235 2920 detur
1277 2867 1436 2920 nobis
1482 2867 1658 2933 locus,
1705 2868 1855 2931 hora,

463 2955 752 3020 custodes3
796 2952 1079 3006 videamus
1123 2960 1248 3008 uter
1288 2951 1415 3024 plus
1461 2951 1701 3007 scribere
1744 2949 1965 3022 possit.’

463 3040 523 3093 di
565 3041 709 3093 bene
751 3038 1002 3093 fecerunt
1043 3037 1224 3111 inopis
1270 3055 1357 3091 me
1402 3039 1661 3109 quodque
1704 3034 1893 3107 pusilli

459 3126 740 3180 finxerunt
782 3123 968 3190 animi,
1012 3141 1138 3178 raro
1184 3132 1242 3178 et
1283 3139 1559 3194 perpauca
1602 3118 1905 3193 loquentis:

459 3220 516 3266 at
560 3221 620 3265 tu
664 3211 945 3264 conclusas
991 3208 1216 3264 hircinis
1259 3207 1485 3263 follibus
1534 3225 1711 3274 auras,

334 3303 408 3354 20
457 3314 631 3368 usque
676 3293 974 3349 laborantis
1020 3295 1150 3348 dum
1193 3295 1396 3348 ferrum
1441 3293 1652 3348 molliat
1696 3291 1861 3362 ignis,

454 3390 517 3435 ut
559 3379 752 3448 mavis,
799 3378 1038 3435 imitare.
1125 3381 1321 3434 beatus
1363 3379 1611 3433 Fannius
1658 3378 1807 3432 ultro

453 3465 652 3521 delatis
696 3464 873 3536 capsis
918 3473 975 3518 et
1015 3464 1273 3537 imagine,
1320 3481 1442 3519 cum
1486 3482 1608 3518 mea
1652 3481 1813 3518 nemo

449 3550 654 3624 scripta
696 3549 845 3624 legat
886 3551 1050 3622 volgo
1094 3551 1329 3608 recitare
1370 3550 1619 3606 timentis
1664 3552 1735 3605 ob
1778 3549 1925 3604 hanc
1966 3565 2087 3605 rem
