2459 3959
935 301 1082 359 LIB.
1127 302 1172 357 1.
1223 308 1383 357 2-4
2081 297 2125 357 Ί

314 464 446 530 post
485 456 674 530 ignem
717 455 964 511 aetheria
1007 456 1168 509 domo

177 548 262 601 30
401 545 731 599 subductum
776 540 978 596 macies
1023 548 1080 595 et
1119 560 1265 596 nova
1306 542 1542 599 febrium

317 629 479 684 terris
523 628 776 684 incubuit
820 628 1034 694 cohom,

401 716 708 787 semotique
745 713 906 785 prius
950 712 1111 767 tarda
1152 712 1454 768 necessitas

315 827 414 883 leti
457 825 722 898 corripuit
765 825 1016 897 gradum.

403 920 663 985 expertus
707 928 938 979 vacuum
981 909 1263 965 Daedalus
1308 926 1437 965 aera

183 1005 261 1056 35
313 998 499 1073 pinnis
537 1006 654 1051 'non
697 995 906 1050 homini
950 994 1118 1063 datis3

399 1082 652 1157 perrupit
694 1080 1010 1153 Acheronta
1053 1080 1359 1135 Herculeus
1403 1080 1560 1135 labor
1593 1102 1607 1134 ε

315 1195 400 1250 nil
441 1193 767 1248 mortalibus
809 1190 1058 1259 arduist3

401 1280 612 1334 caelum
655 1278 834 1351 ipsum
876 1277 1113 1350 petimus
1159 1277 1395 1333 stultitia
1438 1294 1619 1350 neque

249 1398 256 1405 -
317 1384 422 1439 per
463 1372 714 1420 nostrum
755 1362 998 1435 patimur
1042 1363 1220 1419 scelus

185 1456 270 1508 40
404 1451 666 1506 iracunda
709 1448 898 1504 Iovem
942 1466 1152 1521 ponere
1197 1447 1446 1503 fulmina.

1115 1655 1202 1709 IV

323 1792 570 1850 Solvitur
613 1794 752 1849 acris
795 1794 972 1849 hiems
1017 1802 1174 1867 grata
1217 1794 1341 1848 vice
1384 1793 1527 1848 veris
1573 1802 1629 1847 et
1671 1792 1875 1861 favoni,

405 1880 739 1952 trahuntque
783 1880 953 1934 siccas
997 1878 1280 1934 machinae
1326 1880 1557 1945 carinas,

323 1983 388 2021 ac
429 1984 610 2038 neque
652 1964 759 2019 iam
805 1964 1034 2019 stabulis
1079 1965 1285 2037 gaudet
1326 1982 1492 2037 pecus
1537 1972 1635 2018 aut
1678 1971 1862 2018 arator
1906 1963 2037 2035 igni,

409 2068 514 2105 nec
555 2059 715 2122 prata
759 2050 907 2105 canis
953 2049 1192 2106 albicant
1234 2050 1470 2122 pruinis.

245 2168 276 2217 5
325 2161 434 2216 iam
458 2161 732 2233 Cytherea
776 2162 969 2215 choros
1016 2160 1168 2216 ducit
1185 2162 1378 2215 Venus
1422 2160 1727 2215 inminente
1764 2160 1912 2227 luna,

411 2247 740 2318 iunctaeque
783 2246 1057 2318 Nymphis
1103 2245 1329 2301 Gratiae
1374 2249 1633 2302 decentes

327 2332 541 2387 alterno
582 2341 787 2387 terram
831 2332 1084 2405 quatiunt
1126 2334 1285 2405 pede,
1333 2334 1463 2386 dum
1506 2330 1687 2403 gravis
1720 2330 2022 2403 Cyclopum

408 2418 688 2474 Volcanus
731 2419 931 2473 ardens
975 2417 1086 2471 urit
1129 2416 1396 2471 officinas.

321 2546 469 2584 nunc
514 2531 674 2584 decet
715 2536 810 2583 aut
852 2528 1016 2583 viridi
1060 2528 1297 2583 nitidum
1341 2536 1505 2601 caput
1549 2526 1804 2601 inpedire
1847 2536 2043 2600 myrt0‚

201 2619 276 2672 10
407 2622 502 2669 aut
543 2616 695 2681 flore,
742 2621 924 2669 terrae
967 2632 1130 2685 quem
1171 2614 1355 2669 ferunt
1400 2614 1639 2681 solutae3

323 2719 469 2755 nunc
511 2704 578 2765 et*
609 2700 666 2753 in
710 2699 982 2754 umbrosis
1025 2700 1216 2753 Fauno
1262 2701 1425 2754 decet
1465 2699 1729 2755 inmolare
1770 2698 1927 2765 lucis,

383 2786 509 2841 ‘seu
549 2793 740 2857 poscat
782 2802 924 2857 agna
969 2783 1086 2839 sive
1129 2784 1285 2838 malit
1326 2786 1521 2839 haedo·

321 2906 530 2979 pallida
571 2923 717 2960 mors
762 2922 938 2976 aequo
981 2904 1166 2976 pulsat
1206 2906 1353 2976 pede
1398 2924 1701 2977 pauperum
1746 2906 2002 2959 tabernas

408 3008 708 3063 regumque
751 2991 937 3045 turris.
983 3008 1016 3044 o
1061 2992 1224 3046 beate
1272 2991 1434 3057 Sesti,

208 3085 276 3133 15
324 3076 478 3131 vitae
522 3094 730 3131 summa
771 3075 956 3131 brevis
1001 3094 1154 3149 spem
1198 3094 1300 3131 nos
1346 3084 1498 3131 vetat
1538 3074 1799 3131 incohare
1842 3075 2083 3145 longam.

409 3162 517 3216 iam
559 3170 616 3215 te
657 3171 870 3234 premet
912 3180 1042 3231 nox,
1087 3163 1118 3229 ’ζ’
1159 3162 1491 3235 fabulaeque
1534 3179 1724 3216 manes

323 3297 384 3345 et
427 3290 621 3345 domus
666 3290 824 3345 exilis
867 3290 1152 3345 Plutonia:
1199 3311 1308 3365 quo
1354 3290 1518 3348 simul
1561 3290 1781 3359 mearis,

407 3393 512 3431 nec
553 3393 726 3448 regna
768 3375 881 3429 vini
926 3376 1158 3431 sortiere
1202 3378 1345 3446 talis,

327 3478 436 3517 nec
477 3470 727 3517 tenerum
769 3460 1018 3533 Lycidan
1060 3461 1353 3529 mirabere,
1400 3482 1507 3535 quo
1554 3463 1697 3518 calet
1739 3460 1996 3517 iuventus

212 3552 280 3601 20
413 3564 558 3607 nunc
601 3546 778 3603 omnis
824 3556 880 3603 et
923 3566 1052 3604 mox
1095 3547 1337 3620 virgines
1380 3550 1665 3620 tepebunt.
