2459 3959
337 274 428 338 08
1097 274 1519 338 CARMINVM

1274 431 1365 486 XI

463 559 714 618 Mercuri
756 587 844 596 —
885 576 1012 614 nam
1054 567 1113 613 te
1158 556 1352 614 docilis
1396 559 1661 634 magistro

464 645 641 702 movit
681 643 964 718 Amphion
1007 643 1220 718 lapides
1266 646 1516 704 canendo
1554 673 1641 684 —

461 739 638 805 tuque
681 732 908 786 testudo
951 747 1214 785 resonare
1261 737 1475 803 septem

547 816 751 872 callida
791 814 1000 886 nervis,

380 951 415 1002 ὃ
461 962 567 1002 nee
607 944 817 1018 loquax
859 943 992 999 olim
1033 949 1235 1018 neque·
1262 952 1437 1016 grata,
1480 963 1631 1000 nuno
1675 953 1737 1002 et

461 1030 698 1086 divitum
741 1029 947 1085 mensis
991 1036 1050 1084 et
1091 1029 1269 1084 amica
1311 1030 1557 1102 templis,

463 1116 553 1172 die
596 1115 810 1182 modos,
857 1114 1014 1185 Lyde
1059 1113 1259 1187 quibus
1305 1115 1611 1172 obstinatas

544 1199 788 1274 adplicet
831 1199 998 1268 auris,

456 1347 600 1404 quae
645 1329 797 1385 velut
839 1328 967 1384 latis
1013 1346 1155 1400 equa
1197 1329 1362 1383 trima
1406 1330 1614 1404 campis

333 1421 409 1472 10
456 1416 605 1471 ludit
648 1414 881 1471 exultim
924 1414 1236 1487 metuitque
1278 1415 1452 1488 tangi,

451 1501 770 1575 nuptiarum
816 1517 1016 1574 expers
1061 1508 1117 1556 et
1160 1501 1342 1556 adhue
1383 1510 1650 1572 protervo

538 1588 711 1643 cruda
752 1585 976 1644 marito.

447 1723 513 1772 tu
555 1723 716 1788 potes
761 1713 922 1786 tigris
965 1713 1307 1786 comitesque
1350 1713 1518 1770 silvas

452 1802 656 1857 ducere
701 1807 760 1854 et
801 1800 951 1854 rivos
997 1797 1194 1854 celeris
1238 1800 1473 1870 morari3

325 1891 401 1944 15
449 1885 618 1943 cessit
661 1885 898 1940 inmanis
943 1883 1047 1940 tibi
1087 1885 1399 1941 blandienti

531 1971 733 2029 ianitor
777 1971 956 2038 aulae,

451 2100 772 2170 [Cerberus,
821 2099 1067 2171 quamvis
1107 2099 1311 2154 -furiale
1354 2107 1576 2158 centum

442 2185 696 2241 muniant
737 2203 945 2257 angues
991 2192 1158 2256 eaput
1200 2185 1339 2253 eius,
1384 2194 1555 2257 atque

445 2271 675 2346 spiritus
717 2279 919 2335 taeter,
967 2269 1264 2344 saniesque
1308 2280 1496 2329 manet

310 2359 391 2414 20
523 2373 619 2412 ore
661 2353 957 2428 trilingui]

435 2483 572 2558 quin
616 2490 675 2540 et
716 2483 886 2538 Ixion
923 2483 1235 2560 Tityosque
1280 2485 1439 2544 voltu

432 2570 560 2626 risit
600 2566 798 2637 invit0,
844 2570 1001 2625 stetit
1043 2589 1181 2625 urna
1222 2572 1469 2644 paullum

437 2654 600 2723 sicca,
646 2656 775 2710 dum
819 2664 981 2726 grato
1025 2656 1208 2711 Danai
1250 2657 1465 2730 puellas

513 2740 756 2796 carmine
799 2741 1026 2796 mulces.

307 2874 384 2926 25
433 2869 626 2925 audiat
668 2869 826 2941 Lyde
869 2870 1048 2924 scelus
1091 2877 1261 2941 atque
1304 2880 1467 2926 notas
1568 2905 1573 2910 ·
1614 2909 1619 2914 -

433 2955 710 3027 virginum
753 2973 961 3027 poenas
1005 2961 1063 3008 et
1103 2953 1269 3009 inane
1313 2955 1569 3029 lymphae

427 3040 640 3096 dolium
681 3040 854 3094 fundo
896 3040 1178 3112 pereuntis
1223 3041 1335 3096 imo

515 3143 746 3198 seraque
789 3126 926 3196 fata,

428 3272 572 3328 quae
614 3262 839 3310 manent
880 3255 1070 3326 culpas
1113 3255 1283 3310 etiam
1326 3257 1429 3310 sub
1474 3256 1643 3316 Orco.

299 3344 379 3404 80
424 3339 612 3413 inpiae
654 3357 784 3395 nam
826 3340 961 3413 quid
1004 3349 1241 3412 potuere
1282 3341 1498 3398 maius?

426 3425 613 3497 inpiae
657 3443 889 3497 sponsos
933 3434 1169 3498 potuere
1215 3426 1356 3482 duro

506 3511 740 3590 perdere
782 3511 943 3567 ferro.
