2459 3959
196 813 319 861 215

944 310 1177 367 LIBER
1220 311 1302 367 11.
1357 320 1381 365 1
2013 298 2144 367 28⁸1

368 466 451 520 ire
494 475 681 538 poeta,
724 484 909 523 meum
954 464 1049 537 qui
1094 473 1292 536 pectus
1333 464 1576 519 inaniter
1619 464 1792 535 angit,

366 550 579 619 inritat,
623 552 853 617 mulcet,
898 550 1050 606 falsis
1093 549 1404 605 terroribus
1449 549 1644 621 inplet.

372 645 437 691 ut
490 654 715 709 magus,
760 648 819 691 et
860 638 1025 691 modo
1068 652 1159 690 me
1202 636 1436 701 Thebis,
1479 636 1644 691 modo
1686 635 1848 707 ponit
1885 635 2148 693 Atheniss

368 738 561 777 verum
604 740 709 794 age
750 732 810 777 et
850 720 959 788 his,
1006 720 1104 793 qui
1146 738 1207 775 se
1251 721 1446 776 lectori
1493 722 1720 776 credere
1761 720 1974 775 malunt

370 825 537 879 quam
582 806 911 880 spectatoris
954 806 1181 861 fastidia
1222 806 1370 861 ferre
1415 806 1657 877 superbi,

367 906 555 947 curam
596 894 771 947 redde
814 894 1057 956 brevem,
1102 890 1149 945 si
1194 910 1394 947 munus
1435 891 1698 963 Apolline
1741 891 1969 964 dignum

365 977 453 1031 vis
496 978 757 1050 conplere
800 977 955 1033 libris
1000 986 1059 1033 et
1100 978 1322 1033 vatibus
1367 978 1569 1033 addere
1613 976 1812 1051 calcar,

367 1071 432 1117 ut
474 1064 659 1119 studio
704 1063 911 1118 maiore
954 1072 1151 1135 petant
1192 1062 1468 1118 Helicona
1511 1062 1804 1117 virentem.

374 1148 549 1203 multa
592 1146 819 1220 quidem
862 1148 1023 1203 nobis
1066 1148 1296 1203 facimus
1340 1148 1484 1203 mala
1527 1166 1694 1219 saepe
1735 1156 1954 1219 poetae,

212 1238 333 1287 220
385 1244 447 1287 ut
488 1232 677 1289 vineta
718 1244 941 1305 egomet
984 1236 1205 1289 caedam
1253 1251 1392 1300 mea,
1441 1250 1564 1288 cum
1595 1234 1698 1289 tibi
1740 1232 1942 1289 librum

199 1664 317 1713 225

196 2090 316 2139 230

378 1318 618 1374 sollicito
662 1320 856 1373 damus
900 1328 997 1373 aut
1038 1320 1219 1385 fesso;
1267 1336 1390 1373 cum
1433 1319 1722 1384 laedimur,
1768 1336 1938 1374 unum

371 1404 545 1476 siquis
590 1404 889 1459 amicorum
934 1412 1019 1459 est
1062 1422 1226 1459 ausus
1271 1406 1608 1475 reprendere
1651 1422 1899 1473 versum3

374 1508 499 1545 cum
542 1490 663 1544 lora
703 1488 814 1543 iam
858 1490 1091 1545 recitata
1133 1488 1468 1545 revolvimus
1511 1490 1848 1557 inrevocat53

372 1592 495 1629 cum
538 1574 931 1639 lamentamur(
967 1592 1079 1629 non
1124 1577 1392 1647 adparere
1435 1576 1652 1629 labores

366 1668 587 1715 nostros
632 1674 692 1715 et
730 1661 887 1715 tenui
930 1662 1171 1717 deducta
1212 1672 1467 1731 poemata
1510 1660 1636 1728 fi103

370 1760 495 1800 cum
536 1762 818 1817 speramus
862 1764 929 1801 eo
970 1764 1085 1801 rem
1129 1753 1416 1801 venturam
1463 1755 1544 1812 ut,
1589 1744 1752 1800 simul
1795 1755 1966 1819 atque

368 1830 613 1887 carmina
651 1830 907 1887 rescieris
950 1847 1051 1887 nos
1094 1832 1329 1903 fingere,
1374 1831 1692 1886 commodus
1733 1832 1882 1887 ultro

368 1934 613 1971 arcessas
660 1925 718 1972 et
761 1934 926 1989 egere
969 1926 1123 1972 vetes
1168 1925 1227 1973 et
1270 1915 1514 1971 scribere
1556 1934 1756 1988 cogas:

370 2004 471 2055 sed
516 2011 702 2057 tamen
744 2011 831 2057 est
872 2019 1075 2074 operae
1116 2001 1358 2075 pretium
1401 2018 1760 2075 cognoscere,
1805 2002 1988 2075 qualis

346 2084 619 2142 'aedituos
662 2088 867 2143 habeat
906 2087 1041 2144 belli
1085 2096 1334 2159 spectata
1378 2088 1639 2160 domique

372 2172 563 2240 virtus,
608 2172 843 2245 indigno
884 2191 997 2229 non
1043 2173 1425 2229 conmittenda
1463 2181 1682 2246 poetae.

365 2266 557 2328 gratus
599 2258 923 2314 Alexandro
965 2258 1085 2331 regi
1128 2276 1331 2331 magno
1371 2257 1480 2313 fuit
1520 2258 1618 2314 ille

370 2342 678 2410 Choerilus,
722 2344 945 2399 incultis
992 2343 1088 2417 qui
1130 2344 1384 2399 versibus
1430 2353 1488 2399 et
1529 2344 1673 2399 male
1715 2343 1866 2399 natis

365 2428 585 2485 rettulit
626 2439 903 2501 acceptos,
948 2429 1135 2502 regale
1178 2427 1466 2495 nomisma,
1508 2429 1818 2501 Philippos.

198 2518 317 2569 235
369 2516 468 2569 sed
512 2514 687 2571 veluti
730 2522 969 2570 tractata
1008 2523 1196 2570 notam
1240 2516 1536 2587 labemque
1578 2516 1871 2570 remittunt

369 2608 695 2669 atramenta,
738 2600 855 2655 fere
900 2600 1197 2673 scriptores
1243 2600 1482 2655 carmine
1523 2601 1689 2655 foedo

368 2685 663 2766 splendida
701 2686 849 2741 facta
889 2686 1089 2741 linunt.
1131 2685 1280 2741 idem
1323 2705 1425 2741 rex
1468 2686 1580 2753 ille,
1625 2702 1827 2759 poema

368 2771 464 2844 qui
504 2782 621 2827 tam
664 2771 962 2827 ridiculum
1002 2780 1113 2827 tam
1160 2780 1288 2827 car’e
1330 2770 1596 2844 prodigus
1639 2770 1792 2839 emit,

366 2858 549 2913 edicto
591 2857 771 2914 vetuit
814 2856 1011 2930 nequis
1054 2875 1115 2912 se
1156 2866 1378 2929 praeter
1423 2857 1660 2929 Apellen

196 2946 317 2996 240
364 2942 621 3014 pingeret
660 2952 759 2998 aut
800 2943 943 2997 alius
985 2942 1234 3016 Lysippo
1277 2944 1510 2998 duceret
1551 2959 1682 2997 aera

361 3028 522 3083 fortis
565 3028 872 3085 Alexandri
913 3029 1123 3083 voltum
1168 3028 1501 3083 simulantia.
1545 3028 1697 3100 quod
1741 3026 1790 3081 si

364 3112 624 3168 iudicium
668 3113 871 3170 subtile
914 3113 1169 3169 videndis
1211 3114 1424 3169 artibus
1466 3113 1606 3168 illud

366 3198 437 3252 ad
477 3197 649 3255 libros
692 3209 753 3255 et
791 3202 864 3255 a'd
906 3200 1043 3255 haec
1087 3200 1374 3255 Musarum
1417 3201 1566 3254 dona
1607 3214 1856 3267 vocares,

362 3282 637 3349 Boeotum
678 3284 737 3339 in
778 3302 961 3341 crasso
1002 3284 1213 3341 iurares
1257 3302 1385 3341 aere
1426 3292 1638 3341 natum.

195 3376 315 3425 245
364 3379 420 3425 at
462 3387 643 3443 neque
686 3372 1025 3427 dedecorant
1066 3381 1165 3427 tua
1194 3372 1280 3427 'de
1325 3388 1384 3426 se
1425 3370 1630 3425 iudicia
1671 3377 1842 3441 atque

366 3472 612 3523 munera,
656 3474 801 3529 quae
842 3451 1017 3511 multa
1056 3456 1246 3511 dantis
1289 3474 1414 3511 cum
1461 3456 1626 3511 laude
1667 3454 1944 3521 tulerunt,

368 3540 557 3596 dilecti
598 3541 701 3597 tibi
744 3540 1027 3613 Vergilius
1070 3541 1386 3613 Variusque
1427 3551 1648 3612 poetae,
