2459 3959
945 300 1178 354 LIBER
1218 298 1267 353 I.
1316 305 1477 354 2—3
2064 292 2191 356 145

405 454 634 528 quidam
676 453 774 522 ait,
822 449 1066 526 ‘ignoras
1110 460 1166 509 te
1211 471 1284 507 an
1327 461 1391 507 ut
1430 453 1685 524 ignotum
1728 454 1863 509 dare
1905 452 2069 508 nobis

403 542 577 596 verba
618 529 839 614 putas?'
887 536 1128 610 ‘egomet
1169 539 1246 592 mi
1290 532 1541 610 ignosco'
1584 540 1843 594 Maenius
1887 537 2085 610 inquit.

407 627 610 682 stultus
653 633 713 680 et
755 625 1020 697 inprobus
1063 624 1155 678 hic
1197 642 1351 679 amor
1394 633 1481 679 est
1524 624 1836 697 dignusque
1881 623 2083 679 notari.

267 717 356 766 25
406 731 530 766 cum
575 720 672 766 tua
712 710 1004 783 pervideas
1050 710 1220 765 oculis
1265 711 1408 764 mala
1452 710 1634 782 lippus
1677 709 1938 779 inunctis,

409 815 507 852 cur
547 797 608 852 in
653 797 955 851 amicorum
997 794 1146 850 vitiis
1191 804 1305 850 tam
1354 796 1533 850 cernis
1580 781 1802 852 acutum

407 901 572 954 quam
603 891 698 936 aut
729 880 912 954 aquila
943 889 1036 935 aut
1067 898 1294 953 serpens
1324 880 1701 954 Epidaurius?
1747 891 1803 938 at
1845 880 1951 936 tibi
1992 887 2186 936 contra

409 968 614 1036 evenit,
659 968 944 1040 inquirant
986 966 1124 1020 vitia
1165 975 1229 1020 ut
1272 974 1371 1022 tua
1412 986 1600 1021 rursus
1645 975 1701 1020 et
1744 966 1845 1022 illi.

403 1053 720 1108 iracundior
763 1061 848 1107 est
889 1051 1096 1126 pau110,
1142 1051 1325 1107 minus
1370 1062 1531 1125 aptus
1576 1053 1753 1107 acutis

275 1142 359 1192 30
406 1140 632 1194 naribus
675 1139 870 1192 horum
915 1139 1226 1206 hominum3
1273 1138 1446 1193 rideri
1490 1138 1665 1210 possit
1708 1156 1775 1192 eo
1821 1139 1973 1211 quod

405 1225 664 1280 rusticius
708 1232 871 1278 tonso
915 1232 1048 1295 toga
1093 1223 1286 1278 defluit
1331 1232 1389 1278 et
1431 1223 1575 1278 male
1621 1225 1779 1278 laxus

405 1308 466 1363 in
508 1311 652 1384 pede
697 1309 915 1362 calceus
959 1311 1176 1364 haeret²
1223 1318 1281 1363 at
1326 1317 1413 1362 est
1456 1309 1656 1375 bonuS,
1703 1318 1767 1362 ut
1814 1309 2006 1364 melior
2048 1308 2135 1363 vir

407 1413 520 1449 non
553 1394 694 1448 alius
727 1395 1039 1466 quisquam,
1077 1403 1136 1448 at
1161 1394 1267 1448 tibi
1296 1393 1527 1460 amicus,
1560 1405 1615 1447 at
1656 1393 1941 1466 ingenium
1984 1395 2183 1466 ingens

407 1479 617 1534 inculto
661 1481 802 1535 latet
843 1480 952 1533 hoc
995 1481 1098 1534 sub
1145 1497 1396 1552 corpore.
1486 1479 1727 1550 denique
1772 1488 1828 1533 te
1874 1481 2056 1552 ipsum

276 1569 358 1618 35
412 1574 664 1634 concute,
709 1583 955 1636 numqua
996 1563 1101 1618 tibi
1142 1565 1407 1619 vitiorum
1449 1563 1717 1620 inseverit
1762 1564 1891 1618 olim

407 1659 607 1706 natura
650 1660 745 1706 aut
789 1650 957 1704 etiam
1002 1651 1343 1708 consuetudo
1386 1650 1562 1704 mala:
1609 1669 1849 1724 namque

404 1737 674 1808 neglectis
720 1739 932 1790 urenda
974 1736 1094 1790 filix
1135 1735 1439 1791 innascitur
1483 1735 1648 1808 agris.

403 1822 540 1877 illuc
585 1830 1019 1894 praevertamur,
1065 1830 1371 1876 amatorem
1414 1824 1564 1893 quod
1608 1821 1815 1876 amicae

401 1909 588 1980 turpia
631 1907 918 1978 decipiunt
962 1924 1202 1974 caecum,
1250 1906 1387 1961 vitia
1430 1915 1526 1960 aut
1572 1907 1739 1960 etiam
1781 1909 1906 1980 ipsa
1946 1909 2087 1963 haec

273 1997 356 2047 40
404 1994 704 2059 delectant,
749 1992 924 2046 veluti
965 1991 1267 2046 Balbinum
1310 1993 1547 2066 polypus
1590 1993 1844 2063 Hagnae.

405 2080 606 2134 vellem
647 2078 708 2132 in
751 2076 992 2131 amicitia
1037 2081 1118 2132 sic
1163 2096 1491 2145 erraremus,
1538 2086 1595 2132 et
1638 2077 1733 2134 isti

402 2165 577 2220 errori
619 2181 822 2217 nomen
865 2162 1040 2216 virtus
1083 2163 1364 2236 posuisset
1404 2165 1718 2218 honestum.

408 2259 467 2304 at
508 2258 670 2322 pater
713 2256 777 2304 ut
819 2247 996 2318 gnati,
1044 2250 1123 2304 sic
1166 2266 1269 2302 nos
1316 2251 1581 2304 debemus
1627 2248 1789 2304 amici

405 2335 607 2406 siquod
651 2333 725 2388 sit
766 2332 962 2388 vitium
1007 2353 1118 2389 non
1161 2333 1425 2388 fastidire.
1514 2335 1831 2390 strabonem

281 2424 356 2475 45
406 2421 650 2492 adpellat
693 2427 918 2491 paetum
961 2430 1136 2492 pater,
1185 2428 1244 2474 et
1284 2421 1513 2490 pullum,
1560 2419 1701 2472 male
1744 2439 1951 2493 parvus

403 2506 450 2560 si
495 2505 583 2560 cui
626 2505 772 2559 filius
820 2515 922 2572 est,
969 2515 1033 2560 ut
1075 2504 1358 2560 abortivus
1402 2505 1509 2558 fuit
1554 2505 1684 2559 olim

399 2590 696 2662 Sisyphus3
741 2590 889 2644 hunc
932 2611 1122 2646 varum
1169 2591 1420 2644 distortis
1465 2592 1733 2660 cruribus,
1777 2590 1933 2647 illum

398 2677 641 2731 balbutit
684 2693 954 2744 scaurum,
999 2676 1184 2748 pravis
1229 2675 1431 2730 fultum
1474 2677 1617 2730 male
1660 2677 1811 2731 talis.

391 2762 614 2835 parcius
659 2761 750 2815 hic
793 2762 968 2816 vivit:
1013 2761 1161 2832 frugi
1209 2762 1441 2816 dicatur.
1529 2763 1750 2834 ineptus

268 2853 348 2903 50
399 2856 456 2904 et
499 2846 792 2902 iactantior
837 2846 928 2901 hic
970 2849 1160 2919 paullo
1207 2856 1323 2902 est:
1371 2848 1671 2902 concinnus
1717 2847 1903 2902 amicis

389 2932 638 3006 postulat
681 2941 744 2986 ut
787 2933 1058 2986 videatur.
1145 2941 1203 2987 at
1249 2941 1334 2988 est
1377 2933 1744 2987 truculentior
1786 2941 1959 3004 atque

386 3020 515 3092 plus
561 3035 738 3091 aequo
783 3019 951 3074 liber:
998 3018 1237 3090 simplex
1277 3018 1550 3089 fortisque
1594 3017 1882 3074 habeatur.

390 3103 602 3158 caldior
647 3113 758 3158 est:
805 3105 948 3159 acris
993 3103 1139 3158 inter
1184 3112 1523 3158 numeretur.
1614 3103 1836 3174 opinor,

383 3191 525 3244 haec
568 3207 658 3244 res
703 3199 762 3244 et
804 3190 1002 3260 iungit,
1051 3191 1267 3244 iunctos
1314 3197 1370 3242 et
1413 3195 1597 3242 servat
1641 3188 1865 3243 amicos.

262 3282 337 3332 55
386 3285 448 3330 at
490 3292 592 3328 nos
637 3274 872 3330 virtutes
917 3277 1066 3346 ipsas
1111 3275 1442 3330 invertimus
1487 3283 1655 3344 atque
1754 3307 1759 3310 -

383 3362 662 3417 sincerum
708 3362 956 3434 cupimus
1000 3380 1095 3416 vas
1139 3360 1462 3416 incrustare.
1550 3361 1758 3430 probus
1805 3359 1929 3433 quis

384 3447 673 3502 nobiscum
715 3447 874 3515 vivit,
925 3448 1156 3500 multum
1202 3446 1471 3500 demissus
1516 3447 1682 3498 homo
1727 3443 1856 3499 ille:

382 3535 545 3588 tardo
589 3541 648 3588 et
689 3551 996 3606 cognomen
1039 3532 1234 3606 pingui
1280 3533 1491 3586 damus.
1538 3529 1628 3585 hic
1670 3529 1814 3668 augit
1858 3529 2034 3584 omnis

296 3627 497 3669 Horatius
