2459 3959
966 284 1114 339 LIB.
1152 283 1232 338 H.
1285 291 1443 338 3-5

364 441 448 495 sic
488 441 644 493 lucro
688 456 936 493 aversam
977 437 1225 512 potuisse
1269 436 1418 492 nasci

211 529 313 582 20
456 535 630 580 matre
675 525 953 599 pudenda.

360 653 588 708 brachia
633 658 690 706 et
731 650 942 704 voltum
983 647 1287 718 teretisque
1334 665 1489 703 suras

360 741 585 810 integer
626 736 818 790 laudo:
863 736 990 804 fuge
1035 731 1305 803 suspicari

363 825 522 880 cuius
568 831 822 876 octavum
866 819 1163 892 trepidavit
1209 829 1359 872 aetas

451 908 705 964 claudere
747 907 999 962 lustrum.

1183 1186 1241 1241 V

362 1338 627 1392 Nondum
671 1335 901 1389 subacta
939 1334 1084 1400 serre
1127 1333 1317 1404 iugum
1361 1319 1512 1387 valet

366 1423 602 1489 cervice,
649 1423 894 1474 nondum
939 1417 1124 1472 munia
1168 1418 1423 1488 conparis

450 1525 685 1580 aequare
729 1523 835 1560 nec
877 1505 1023 1558 tauri
1065 1504 1277 1558 ruentis

537 1593 595 1646 in
638 1609 896 1646 venerem
941 1590 1178 1644 tolerare
1221 1590 1456 1658 pondus,

275 1731 310 1779 5
365 1723 513 1776 circa
554 1721 780 1775 virentis
826 1728 911 1774 est
953 1717 1166 1774 animus
1211 1726 1339 1771 tuae

371 1825 591 1879 campos
636 1807 918 1872 iuvencae,
963 1822 1111 1859 nunc
1155 1803 1336 1858 fluviis
1380 1821 1602 1874 gravem

449 1891 676 1947 solantis
719 1899 952 1959 aestum,
999 1907 1148 1942 nunc
1189 1889 1247 1942 in
1293 1891 1403 1942 udo

535 1978 728 2032 ludere
772 1995 893 2031 eum
939 1976 1125 2030 vitulis
1169 1975 1365 2029 salicto

360 2105 802 2179 praegestientis.
851 2105 984 2158 tolle
1028 2103 1343 2176 cupidinem

229 2201 310 2248 10
360 2192 568 2246 inmitis
613 2209 780 2246 uvae:
825 2191 934 2244 iam
964 2190 1068 2244 tibi
1113 2189 1314 2243 lividos

447 2276 750 2348 distinguet
793 2284 1086 2330 autumnus
1131 2293 1377 2330 racemos

525 2379 804 2435 purpureo
848 2361 1032 2416 varius
1070 2362 1272 2416 colore.

359 2493 468 2545 iam
511 2499 567 2546 te
612 2500 904 2564 sequetur:
949 2491 1123 2546 currit
1167 2491 1311 2545 enim
1355 2490 1514 2546 ferox

359 2586 531 2644 actua,
580 2586 637 2632 et
680 2577 782 2646 illi,
827 2596 966 2650 quos
1010 2576 1114 2632 tibi
1159 2576 1483 2647 dempserit,

231 2670 303 2717 15
444 2665 690 2734 adponet
736 2681 938 2717 annos:
983 2663 1094 2716 iam
1137 2673 1400 2733 proterva

529 2750 712 2803 fronte
757 2757 914 2820 petet
955 2748 1164 2818 Lalage
1208 2747 1485 2811 maritum,

364 2877 567 2931 dilecta
611 2887 880 2948 quantum
923 2895 1038 2930 non
1082 2875 1295 2930 Pholoe
1340 2877 1532 2946 fugax,

361 2981 474 3017 non
518 2962 732 3016 Chloris
779 2963 904 3016 albo
951 2963 1030 3016 sic
1077 2980 1266 3015 umero
1312 2963 1513 3030 uitem,

447 3056 510 3102 ut
551 3066 692 3119 pura
733 3057 1004 3102 nocturno
1048 3047 1271 3101 renidet

231 3135 311 3186 20
530 3134 664 3188 luna
705 3133 842 3186 mari
888 3131 1227 3203 Cnidiusque
1276 3131 1485 3203 GygeS,

357 3281 521 3334 quem
565 3261 612 3316 si
655 3263 966 3333 puellarum
1008 3260 1283 3315 insereres
1330 3262 1518 3329 chor0,

358 3348 495 3403 mire
541 3348 754 3418 sagacis
797 3348 1018 3402 falleret
1060 3347 1307 3418 hospites

446 3433 742 3488 discrimen
790 3435 1082 3488 obscurum
1129 3431 1323 3486 solutis

529 3519 776 3574 crinibus
822 3519 1194 3588 ambiguoque
1240 3517 1413 3571 voltu.

2110 264 2198 336 :⁵³7
