2459 3959
289 272 304 320 ἒ
329 273 426 342 8⁰
1103 281 1529 342 cAmmwu

467 452 682 502 mentes
728 444 1101 518 asperioribus

553 530 880 588 formandae
924 531 1142 588 studiis.
1185 529 1367 586 nescit
1408 545 1557 603 equo
1600 529 1757 584 rudis

336 625 414 677 55
462 621 694 676 haerere
734 617 1008 689 ingenuus
1053 633 1192 689 puer

552 701 858 776 venarique
899 702 1079 772 timet,
1121 701 1319 759 ludere
1360 700 1597 773 doctior,

473 895 572 935 seu
618 874 833 931 Graeco
876 872 1067 929 iubeas
1109 875 1308 929 trocho

547 979 646 1018 ssu
689 958 848 1016 malis
891 959 1065 1015 vetita
1107 957 1327 1031 legibus
1371 959 1509 1031 alea,

461 1065 588 1104 cum
631 1045 854 1120 periura
895 1045 1068 1122 patris
1111 1045 1251 1100 fides
1454 1033 1459 1039 ’

335 1141 414 1192 80
550 1140 861 1189 consortem
905 1129 1114 1187 socium
1156 1131 1315 1186 fallat
1359 1139 1418 1187 et
1459 1131 1730 1208 hospites,

457 1305 807 1378 indignoque
847 1303 1142 1378 pecuniam

545 1391 739 1447 heredi
781 1396 1060 1464 properet.
1105 1389 1321 1446 scilicet
1363 1390 1630 1465 inprobae

460 1484 715 1534 crescunt
758 1475 1008 1533 divitiae:
1054 1485 1242 1532 tamen

549 1572 737 1618 curtae
779 1561 970 1618 nescio
1013 1561 1147 1636 quid
1192 1580 1413 1634 semper
1456 1565 1615 1620 abest
1655 1564 1759 1624 rei·

1214 1843 1393 1902 XXV

465 1992 595 2060 Quo
639 2009 747 2060 me,
792 1991 1032 2061 Bacche,
1079 1991 1228 2066 rapis
1273 1991 1357 2048 tui

540 2078 807 2151 plenum?
852 2094 996 2150 quae
1039 2095 1269 2133 nemora
1310 2086 1407 2134 aut
1451 2095 1591 2151 quos
1635 2098 1771 2154 agor
1814 2081 1872 2135 in
1914 2097 2114 2156 specus

451 2164 622 2220 velox
663 2170 850 2219 mente
893 2180 1037 2218 nova
1058 2162 1087 2216 ⁸?
1131 2162 1333 2235 quibus

544 2248 720 2305 antris
767 2248 980 2321 egregii
1026 2247 1278 2304 Caesaris
1324 2247 1520 2305 audiar

369 2429 405 2481 5
455 2430 741 2478 aeternum
783 2421 1057 2477 meditans
1102 2423 1274 2478 decus

539 2506 716 2564 stellis
758 2506 1005 2582 inserere
1051 2515 1109 2562 et
1153 2505 1387 2562 consilio
1430 2508 1580 2566 Iovis
1597 2510 1625 2564 ?

454 2595 637 2650 dicam
681 2592 918 2665 insigne,
965 2609 1178 2660 recens,
1225 2593 1409 2648 adhuc

535 2677 807 2736 indictum
853 2696 949 2734 ore
991 2678 1123 2734 alic.
1165 2697 1281 2734 non
1326 2696 1484 2736 secus
1528 2679 1589 2738 in
1631 2681 1777 2756 iugis

448 2851 662 2906 Edonis
706 2857 893 2924 stupet
933 2850 1160 2919 Euhias,

323 2939 402 2992 10
531 2937 784 2994 Hebrum
809 2937 1168 3010 prospiciens
1211 2946 1272 2994 et
1313 2938 1443 2997 nive
1484 2941 1785 3002 candidam·

447 3022 705 3078 Thracen
753 3041 817 3078 ac
858 3025 1002 3096 pede
1045 3024 1283 3080 barbaro

535 3109 843 3168 lustratam·
868 3110 1206 3181 Rhodopen,
1248 3118 1326 3166 ut·
1346 3110 1491 3167 -mihi
1534 3112 1705 3172 devio

451 3279 604 3352 ripas
650 3288 708 3336 et
750 3300 984 3337 vacuum
1027 3301 1222 3338 nemus

532 3365 721 3421 mirari
763 3367 923 3424 libet.
970 3386 1002 3422 o
1045 3368 1323 3424 Naiadum
1365 3379 1568 3444 potens

321 3455 398 3508 15
445 3450 901 3524 Baccharumque
945 3454 1247 3510 valentium

531 3553 788 3610 proceras
833 3538 1086 3596 manibus
1130 3549 1351 3598 vertere
1394 3541 1661 3614 fraxinos,
