2459 3959
1010 229 1156 284 LIB.
1201 229 1278 283 II.
1330 237 1487 283 6—-8

312 392 346 438 5
405 383 662 456 Pompei,
711 401 956 437 meorum
998 383 1174 455 prime
1220 383 1531 436 sodalium?

403 489 531 523 cum
575 487 685 541 quo
730 477 1036 523 morantem
1081 486 1249 539 saepe
1296 469 1441 522 diem
1485 487 1639 521 mero

489 554 632 626 fregi
679 562 972 608 coronatus
1018 553 1249 608 nitentis

576 639 924 694 malobathro
971 639 1128 710 Syrio
1174 639 1427 710 capillos0

404 776 590 823 tecum
631 767 920 839 Philippos
965 777 1022 821 et
1064 766 1301 820 celerem
1343 767 1527 838 fugam

269 857 352 909 10
407 852 554 908 sensi
597 851 792 907 relicta
835 871 946 906 non
990 854 1132 906 bene
1177 851 1442 923 parmula,

278 1330 354 1376 15

282 1799 362 1847 20

289 2309 368 2358 25

496 955 620 992 cum
663 938 844 994 fracta
887 937 1080 1002 virtus,
1125 948 1182 991 et
1225 937 1467 991 minaces

581 1031 741 1095 turpe
786 1024 964 1078 solum
1007 1022 1241 1094 tetigere
1286 1033 1493 1078 mente.

411 1153 510 1208 sed
556 1170 644 1207 me
689 1170 790 1225 per
833 1151 1006 1206 hostis
1052 1151 1363 1205 Mercurius
1414 1153 1563 1207 celer

411 1241 585 1294 denso
629 1246 925 1309 paventem
969 1237 1192 1290 sustulit
1238 1255 1391 1304 aere3

494 1334 552 1378 te
593 1343 784 1378 rursus
828 1323 887 1377 in
932 1323 1140 1376 bellum
1185 1325 1479 1377 resorbens

575 1411 730 1464 ’unda
771 1407 928 1463 fret-is
974 1408 1105 1464 tulit
1150 1409 1439 1462 aestuosis·

411 1556 543 1609 ergo
588 1537 891 1608 obligatam
934 1536 1106 1590 redde
1149 1535 1273 1589 Iovi
1320 1536 1536 1608 dapem,

411 1624 691 1694 longaque
733 1623 939 1676 fessum
981 1620 1180 1674 militia
1222 1621 1368 1674 latus

499 1711 716 1779 depone
759 1709 860 1761 sub
904 1707 1060 1760 lauru
1105 1725 1243 1770 mea,
1291 1724 1395 1761 nec

584 1809 748 1865 parce
793 1791 942 1846 cadis
987 1791 1090 1846 tibi
1137 1792 1447 1848 destinatis.

415 1920 685 1976 oblivioso
731 1920 876 1974 levia
919 1919 1158 1974 Massico

415 2006 626 2061 ciboria
669 2007 858 2077 exple;
906 2006 1074 2060 funde
1119 2006 1413 2077 capacibus

501 2099 784 2164 unguenta
828 2091 896 2144 de
943 2090 1184 2145 conchis·
1231 2092 1354 2162 quis
1406 2095 1515 2146 udo

588 2179 955 2248 deproperare
1001 2175 1127 2247 apio
1175 2194 1407 2232 coronas

419 2312 640 2358 curatve
685 2305 910 2374 myrto?
956 2323 1121 2376 quem
1157 2306 1355 2360 Venus
1402 2307 1668 2360 arbitrum

417 2390 566 2444 dicet
606 2388 870 2444 bibendi?
917 2409 1030 2444 non
1077 2409 1180 2460 ego
1227 2391 1414 2444 sanius

507 2475 816 2529 bacchabor
856 2475 1102 2530 Edonis:
1149 2486 1378 2548 recepto

594 2561 758 2614 dulce
803 2561 934 2614 mihi
978 2562 1161 2616 furere
1210 2572 1298 2616 est
1343 2562 1539 2615 amico·

1418 2699 1464 2706 —.

1166 2844 1313 2898 VIII

419 2989 551 3042 Vlla
593 2990 640 3044 si
683 2989 817 3044 iuris
862 2989 966 3044 tibi
1009 2990 1244 3061 peierati

419 3092 616 3145 poena,
666 3074 933 3144 †Barine,
981 3075 1261 3130 nocuisset
1305 3092 1567 3146 unquam,

424 3161 588 3214 dente
635 3159 682 3214 si
726 3159 885 3231 nigro
931 3162 1088 3215 fieres
1134 3161 1224 3215 vel
1272 3179 1380 3215 uno

507 3244 722 3317 turpior
767 3247 953 3318 ungui,

342 3380 374 3427 5
425 3375 734 3428 crederem:
781 3375 880 3428 sed
925 3382 987 3428 tu
1032 3374 1197 3428 simul
1244 3373 1502 3444 obligasti

423 3460 694 3531 perfidum
740 3458 878 3514 votis
925 3468 1108 3532 caput,
1156 3458 1413 3513 enitescis

2142 223 2227 282 39
