2459 3959
344 301 477 365 224
1039 302 1596 362 EPISTVLARVM

474 462 791 516 mordacem
838 456 1093 530 cynicum
1136 456 1216 513 sic
1257 459 1536 526 eludebat,
1581 466 1647 513 ut
1689 458 1864 527 aiunt,

478 544 721 602 ‘scurror
764 562 872 617 ego
915 543 1039 615 ipse
1081 544 1238 613 mihi,
1281 544 1492 616 populo
1535 551 1630 599 tu:
1673 544 1882 600 rectius
1925 543 2033 599 hoc
2075 552 2134 599 et

345 638 421 688 20
470 629 817 705 splendidius
860 629 1039 684 multo
1086 638 1192 685 est.
1240 646 1417 701 equus
1461 637 1524 684 ut
1567 647 1656 684 me
1697 636 1902 703 portet,
1947 629 2062 685 alat
2104 646 2223 699 rex,

470 716 714 773 officium
758 715 929 771 facio:
976 722 1037 769 tu
1080 714 1268 786 poscis
1313 714 1448 769 vilia
1489 732 1694 784 rerum,

469 805 637 858 dante
681 801 878 869 minor,
923 800 1177 873 quamvis
1221 799 1336 855 fers
1377 808 1438 854 te
1481 800 1688 859 nullius
1733 800 2027 873 egentem.’

467 888 646 945 omnis
690 886 1043 959 Aristippum
1085 885 1275 940 decuit
1318 886 1472 939 color
1515 893 1575 940 et
1617 893 1796 941 status
1841 894 1900 942 et
1940 904 2050 953 res,

462 981 831 1046 temptantem
874 972 1108 1039 maiora,
1155 971 1273 1025 fere
1315 971 1702 1042 praesentibus
1745 988 2004 1044 aequum.

342 1065 417 1113 25
466 1066 681 1125 contra,
731 1076 896 1131 quem
943 1056 1156 1130 duplici
1199 1074 1388 1127 panno
1431 1056 1702 1128 patientia
1744 1058 1915 1127 velat,

467 1144 733 1212 mirabor,
782 1142 933 1197 vitae
978 1141 1069 1196 via
1112 1141 1161 1197 si
1207 1159 1474 1196 conversa
1519 1142 1764 1197 decebit.

460 1230 602 1285 alter
644 1246 984 1301 purpureum
1028 1245 1141 1281 non
1188 1226 1512 1297 expectabit
1553 1227 1838 1297 amictum,

460 1315 739 1387 quidlibet
780 1314 1013 1369 indutus
1058 1312 1426 1367 celeberrima
1468 1330 1570 1384 per
1614 1314 1740 1369 loca
1783 1315 1952 1369 vadet

456 1418 871 1473 personamque
914 1400 1057 1453 feret
1098 1416 1213 1453 non
1257 1396 1619 1453 inconcinnus
1665 1408 1994 1472 utramque:
2060 1461 2067 1466 ,

333 1494 409 1542 30
458 1486 605 1541 alter
646 1486 834 1540 Mileti
878 1492 1093 1539 textam
1138 1500 1276 1538 cane
1319 1483 1478 1554 peius
1525 1491 1583 1538 et
1625 1485 1796 1557 angui

453 1570 655 1625 vitabit
699 1570 1067 1641 chlamydem,
1112 1568 1382 1623 morietur
1424 1568 1650 1641 frigore,
1696 1569 1744 1625 si
1787 1588 1903 1624 non

453 1655 738 1711 rettuleris
782 1674 1047 1728 pannum.
1090 1654 1238 1709 refer
1283 1661 1341 1707 et
1384 1653 1506 1709 sine
1549 1653 1702 1711 vivat
1745 1655 1986 1728 ineptus.
2089 1658 2100 1672 '

452 1760 541 1797 res
586 1759 801 1813 gerere,
848 1749 907 1797 et
950 1748 1145 1812 captos
1190 1740 1488 1795 ostendere
1532 1739 1746 1797 civibus
1790 1740 1986 1809 hostis,

458 1826 688 1899 attingit
732 1827 931 1882 solium
974 1826 1127 1881 Iovis
1172 1832 1231 1879 et
1274 1824 1538 1880 caelestia
1581 1833 1839 1899 temptat.

334 1919 408 1967 35
458 1912 800 1984 principibus
846 1910 1123 1985 placuisse
1166 1909 1300 1965 viris
1321 1928 1456 1965 ‘non
1502 1911 1698 1966 ultima
1740 1912 1861 1966 laus
1907 1919 2014 1967 est·

456 2017 569 2053 non
615 1998 789 2052 cuivis
832 1996 1046 2053 homini
1090 1994 1366 2069 contingit
1408 1994 1564 2051 adire
1611 1995 1960 2052 Corinthum.

448 2084 611 2152 sedit,
658 2083 755 2156 qui
798 2082 985 2137 timuit
1026 2100 1099 2136 ne
1142 2099 1256 2135 non
1303 2083 1656 2137 succederet:
1702 2090 1839 2137 esto,

448 2168 621 2241 quid?
666 2168 764 2241 qui
807 2166 1069 2241 pervenit
1110 2166 1320 2221 fecitne
1365 2166 1645 2222 viriliter?
1689 2167 1846 2241 atqui

446 2254 541 2309 hic
584 2261 687 2323 est,
733 2262 831 2309 aut
872 2266 1171 2325 nusquam‚·
1214 2254 1368 2324 quod
1397 2251 1731 2325 quaerimus.
1775 2252 1867 2308 hic
1896 2272 2038 2311 onus
2059 2254 2262 2325 horret,

319 2344 396 2393 40
444 2348 508 2393 ut
550 2339 737 2411 parvis
782 2338 981 2395 animis
1028 2346 1083 2392 et
1125 2355 1302 2411 parvo
1347 2356 1578 2411 corpore
1623 2339 1832 2395 maius:

443 2424 535 2481 hic
580 2424 735 2481 subit
780 2434 838 2481 et
878 2426 1113 2497 perfert.
1161 2432 1258 2478 aut
1301 2422 1480 2479 virtus
1523 2442 1725 2479 nomen
1769 2424 1934 2481 inane
1977 2434 2080 2494 est,

440 2518 535 2565 aut
582 2512 750 2565 decus
799 2518 855 2566 et
898 2509 1147 2583 pretium
1188 2518 1346 2563 recte
1389 2508 1534 2582 petit
1575 2510 1871 2583 experiens
1915 2510 2023 2571 vir.

442 2613 627 2651 coram
670 2613 807 2667 rege
852 2614 953 2651 sua
996 2596 1067 2649 de
1108 2603 1441 2666 paupertate
1486 2602 1734 2652 tacentes

438 2682 565 2753 plus
610 2687 872 2753 poscente
916 2682 1117 2736 ferent.
1164 2680 1339 2734 distat
1380 2698 1638 2737 sumasne
1679 2683 1962 2754 pudenter

316 2770 392 2821 45
442 2785 513 2821 an
558 2765 763 2839 rapias.
810 2766 967 2838 atqui
1008 2782 1199 2819 rerum
1247 2772 1412 2837 caput
1453 2764 1563 2820 hoc
1609 2775 1744 2835 erat,
1789 2767 1884 2822 hic
1924 2768 2076 2823 fons.

444 2850 717 2906 ‘indotata
759 2851 896 2906 mihi
940 2868 1097 2906 soror
1142 2858 1247 2919 est,
1294 2852 1632 2923 paupercula
1674 2862 1872 2923 mater,

440 2946 499 2992 et
544 2938 749 2992 fundus
795 2955 901 2992 nee
942 2934 1242 2992 vendibilis
1286 2954 1390 2991 nec
1433 2954 1665 3008 pascere
1707 2940 1916 2993 firmus'

434 3022 531 3095 qui
576 3022 728 3091 dicit,
776 3023 979 3077 clamat
1024 3020 1258 3076 ‘victum
1305 3022 1475 3079 date.’
1519 3022 1757 3079 succinit
1799 3024 1942 3079 alter

438 3105 517 3163 ‘et
559 3108 693 3163 mihi
738 3107 969 3163 dividuo
1012 3108 1260 3162 findetur
1303 3125 1532 3163 munere
1576 3110 1833 3182 quadra?

310 3195 388 3248 50
436 3194 537 3249 sed
580 3193 781 3248 tacitus
826 3193 982 3267 pasci
1026 3192 1072 3249 si
1117 3200 1312 3265 posset
1353 3210 1568 3262 corvus,
1613 3196 1850 3251 haberet

430 3278 557 3350 plus
603 3277 761 3351 dapis
807 3288 865 3335 et
906 3280 1065 3335 rixae
1108 3278 1288 3332 multo
1331 3278 1512 3334 minus
1555 3280 1931 3352 invidiaeque.

432 3363 797 3419 Brundisium
842 3382 1023 3421 eomes
1068 3370 1167 3419 aut
1209 3363 1540 3419 Surrentum
1584 3366 1781 3421 ductus
1826 3382 2120 3421 amoenum

428 3446 528 3521 qui
571 3449 829 3522 queritur
871 3452 1116 3507 salebras
1162 3456 1221 3505 et
1265 3449 1530 3504 acerbum
1571 3449 1748 3525 frigus
1792 3458 1850 3505 et
1892 3448 2106 3520 imbris,

426 3542 525 3591 aut
568 3534 761 3590 cistam
804 3536 1085 3593 effractam
1131 3542 1191 3591 et
1232 3535 1510 3593 subducta
1552 3536 1758 3593 viatica
1797 3536 2001 3611 plorat,
