2459 3959
307 287 396 352 5⁶

355 452 387 502 5

315 943 387 993 10

313 1431 384 1480 15

303 1916 379 1969 20

297 2467 372 2516 25

303 2955 377 3004 30

291 3442 366 3491 35

1069 293 1491 352 CARMINVM

441 449 556 502 dux
599 445 836 518 inquieti
878 445 1132 504 turbidus
1175 447 1422 504 Hadriae

433 550 539 588 nec
579 531 916 586 fulminantis
959 550 1158 604 magna
1200 552 1395 589 manus
1437 533 1623 590 Iovis:

521 615 570 673 si
610 617 816 672 fractus
861 616 1141 672 inlabatur
1185 619 1355 687 orbis,

602 701 924 775 inpavidum
966 703 1168 759 ferient
1206 704 1417 760 ruinae.

435 851 540 907 hac
583 857 703 906 arte
743 849 951 906 Pollux
993 857 1053 906 et
1094 867 1265 924 vagus
1307 852 1579 908 Hercules

434 936 617 994 enisus
661 935 804 992 arcis
849 935 1034 1007 attigit
1073 935 1284 1008 igneas,

520 1040 656 1095 quos
700 1021 848 1077 inter
889 1021 1177 1094 Augustus
1221 1023 1549 1081 recumbens

600 1125 880 1180 purpureo
924 1107 1081 1163 bibet
1123 1125 1218 1164 ore
1262 1116 1477 1164 nectar.

433 1253 539 1309 hac
579 1261 639 1308 te
681 1261 1000 1322 merentem,
1045 1255 1263 1311 Bacche
1304 1263 1487 1328 pater,
1534 1264 1663 1313 tuae
1738 1295 1749 1326 ,

435 1356 636 1395 vexere
678 1338 851 1411 tigres
892 1339 1120 1395 indocili
1162 1341 1354 1414 iugum

520 1425 661 1480 collo
703 1426 1017 1493 trahentes3
1062 1426 1166 1480 hac
1209 1427 1477 1492 Quirinus

598 1510 796 1566 Martis
841 1511 998 1584 equis
1039 1510 1362 1568 Acheronta
1402 1513 1566 1587 fugit,

426 1665 646 1727 gratum
689 1657 906 1712 elocuta
949 1658 1368 1715 consiliantibus

420 1743 634 1798 Iunone
679 1742 852 1797 divis:
900 1742 1082 1812 ιΙΙίοιι,
1127 1744 1275 1799 Ilion

513 1828 698 1884 fatalis
740 1829 1094 1902 incestusque
1147 1829 1321 1886 iudex

597 1922 655 1970 et
695 1915 895 1971 mulier
935 1915 1231 1987 peregrina
1273 1916 1447 1972 vertit

420 2059 477 2114 in
523 2062 825 2134 pulverem,
872 2079 944 2116 ex
987 2079 1098 2134 qua
1142 2062 1399 2118 destituit
1442 2064 1576 2120 deos

424 2149 681 2202 mercede
725 2154 889 2219 pacta
927 2145 1270 2216 Laomedon,
1316 2149 1451 2203 mihi

503 2240 798 2303 castaeque
841 2233 1153 2287 damnatam
1197 2234 1487 2290 Minervae

595 2334 719 2371 cum
764 2317 973 2390 populo
1017 2326 1074 2374 et
1117 2321 1261 2374 duce
1302 2319 1679 2388 fraudulento,

422 2461 556 2530 [iam
600 2480 704 2519 nec
745 2463 1031 2520 Lacaenae
1077 2465 1332 2537 splendet
1376 2465 1664 2522 adulterae

416 2548 656 2603 famosus
699 2548 923 2621 hospe8‚
965 2568 1067 2606 nec
1107 2551 1317 2606 Priami
1360 2553 1555 2607 domus

499 2633 722 2705 periura
764 2635 1030 2707 pugnacis
1074 2636 1315 2692 Achivos

583 2718 880 2776 Hectoreis
923 2721 1118 2794 opibus
1163 2719 1465 2795 refringit‚]

418 2863 733 2936 nostrisque
778 2865 1007 2921 ductum
1051 2867 1417 2922 seditionibus

423 2950 632 3004 bellum
672 2950 915 3006 resedit:
957 2952 1207 3025 prot-inus
1253 2962 1311 3008 et
1354 2951 1538 3025 gravis

502 3034 610 3091 iras
656 3043 713 3090 et
755 3035 993 3092 invisum
1036 3048 1319 3111 nepotem,

582 3119 786 3176 Troica
828 3141 995 3196 quem
1035 3123 1257 3196 peperit
1297 3125 1576 3192 sacerdos,

413 3265 588 3322 Marti
628 3267 951 3336 redonab03
995 3266 1154 3324 illum
1195 3287 1302 3341 ego
1346 3269 1557 3328 lucidas

414 3351 556 3406 inire
599 3353 780 3421 sedes,
825 3354 1026 3408 ducere
1068 3355 1305 3410 nectaris

500 3453 659 3491 sucos
704 3445 761 3490 et
803 3439 1041 3494 adscribi
1085 3440 1287 3513 quietis

581 3519 863 3578 ordinibus
905 3524 1088 3597 patiar
1129 3527 1377 3583 deorum.

2172 713 2249 765 40

2164 1267 2245 1314 45

2156 1752 2235 1802 50

2164 2243 2243 2292 55

2161 2729 2241 2782 60

2154 3280 2231 3332 65
