2459 3959
911 276 1145 333 LIBER
1186 276 1235 331 1.
1287 282 1318 331 8
1347 280 1492 331 -10
2054 270 2214 333 215*

356 431 509 489 rivos
555 438 611 487 et
656 446 847 487 musco
894 430 1207 486 circumlita
1250 448 1386 483 saxa
1429 446 1756 501 nemusque.

360 519 498 592 quid
544 517 809 590 quaeris?
856 515 985 571 vivo
1028 524 1087 570 et
1128 533 1323 588 regno,
1368 514 1532 571 simul
1575 515 1684 569 ista
1728 513 1933 587 reliqui

364 622 511 676 quae
554 619 655 658 vos
700 604 773 657 ad
816 603 1031 657 caelum
1073 600 1231 655 fertis
1275 620 1497 656 rumore
1543 603 1812 671 secundo,

229 698 257 745 1
274 694 311 746 Ο
362 698 536 762 utque
579 688 882 744 sacerdotis
924 686 1194 762 fugitivus
1241 686 1356 741 liba
1396 704 1616 753 recuso,

364 792 514 847 pane
555 791 697 846 egeo
741 772 853 827 iam
896 771 1129 827 mellitis
1172 772 1392 845 potiore
1434 771 1728 844 placentis.

364 860 553 915 vivere
598 866 833 914 naturae
878 857 929 913 si
971 857 1370 914 convenienter
1413 864 1635 929 oportet

361 946 767 1019 ponendaeque
810 944 977 998 domo
1022 942 1344 1015 quaerenda
1387 950 1474 997 est
1516 960 1646 997 area
1688 941 1944 1014 primum,

363 1030 644 1085 novistine
689 1031 872 1085 locum
916 1028 1192 1101 potiorem
1235 1046 1365 1083 rure
1411 1028 1617 1083 beato?

240 1122 317 1171 15
366 1124 455 1171 est
494 1116 593 1170 ubi
636 1116 763 1187 plus
807 1123 1039 1186 tepeant
1080 1114 1313 1180 hiemes,
1359 1113 1454 1168 ubi
1498 1113 1708 1185 gratior
1753 1130 1889 1169 aura

367 1199 543 1256 leniat
588 1208 645 1255 et
689 1200 898 1255 rabiem
944 1198 1095 1254 canis
1142 1208 1211 1253 et
1240 1207 1524 1253 >momenta
1568 1197 1767 1271 leonis,

366 1304 493 1341 cum
536 1286 711 1343 semel
755 1284 973 1357 accepit
1016 1284 1191 1340 solem
1235 1284 1568 1339 furibundus
1615 1286 1864 1339 acutum?

370 1380 459 1427 est
500 1372 600 1426 ubi
645 1371 878 1425 divellat
920 1388 1143 1425 somnos
1188 1369 1370 1425 minus
1413 1369 1606 1425 invida
1651 1369 1824 1424 cura?

373 1456 627 1513 deterius·
663 1454 889 1526 Libycis
935 1456 1052 1510 olet
1097 1460 1194 1508 aut
1238 1454 1382 1510 nitet
1424 1455 1600 1510 herba
1641 1454 1848 1525 lapillis
1863 1455 1892 1509 ‘a’

242 1547 323 1599 20
369 1542 565 1615 purior
608 1541 667 1595 in
709 1541 845 1596 vicis
890 1558 1035 1613 aqua
1077 1540 1264 1595 tendit
1303 1558 1562 1611 rumpere
1606 1541 1912 1612 plumbum,

367 1646 534 1700 quam
579 1625 726 1699 quae
766 1645 869 1699 per
910 1644 1147 1698 pronum
1192 1624 1440 1698 trepidat
1483 1644 1608 1680 cum
1651 1642 1932 1682 murmure
1976 1626 2198 1682 rivum?

368 1730 571 1785 nempe
616 1711 763 1767 inter
804 1702 985 1767 varias
1031 1709 1276 1766 nutritur
1319 1710 1460 1765 silva
1503 1711 1804 1777 columnas,

368 1799 745 1871 laudaturque
791 1799 987 1853 domus
1030 1795 1231 1867 longos
1276 1814 1419 1869 quae
1461 1795 1734 1869 prospicit
1774 1815 1964 1868 agros.

372 1891 629 1939 naturam
676 1884 924 1957 expelles
966 1883 1145 1949 furca,
1189 1888 1380 1937 tamen
1423 1900 1600 1955 usque
1644 1895 1895 1938 recurret

247 1976 327 2027 25
382 1976 440 2025 et
484 1970 630 2023 mala
672 1977 997 2041 perrumpet
1040 1966 1232 2022 furtim
1274 1966 1500 2022 fastidia
1543 1966 1766 2023 victrix.

374 2072 491 2109 non
534 2054 630 2126 qui
676 2053 911 2109 Sidonio
958 2054 1300 2108 contendere
1347 2052 1580 2107 callidus
1625 2061 1780 2107 ostro

376 2138 557 2195 nescit
597 2138 938 2211 Aquinatem
980 2137 1237 2210 potantia
1277 2138 1486 2192 vellera
1528 2139 1734 2205 fucum,

376 2223 583 2279 certius
627 2224 861 2297 accipiet
904 2225 1167 2278 damnum
1208 2221 1510 2294 propiusve
1551 2222 1812 2277 medullis

376 2327 545 2383 quam
586 2310 684 2382 qui
726 2328 841 2365 non
883 2308 1097 2382 poterit
1140 2325 1276 2362 vero
1321 2306 1668 2379 distinguere
1713 2308 1930 2364 falsum.

252 2403 328 2453 30
377 2414 543 2469 quem
585 2414 674 2450 res
719 2396 845 2470 plus
891 2394 1063 2449 nimio
1107 2394 1456 2449 delectavere
1501 2394 1799 2461 secundae,

375 2487 623 2535 mutatae
668 2480 944 2552 quatient.
992 2479 1177 2551 siquid
1220 2476 1518 2545 mirabere,
1563 2496 1736 2551 pones

374 2565 601 2621 invitus.
648 2566 781 2637 fuge
823 2568 1055 2637 ma'gna:
1100 2565 1232 2619 licet
1274 2565 1378 2619 sub
1421 2582 1668 2637 paupere
1711 2572 1863 2619 tecto

377 2669 537 2722 reges
582 2657 639 2705 et
679 2670 876 2723 regum
918 2649 1033 2705 vita
1076 2666 1436 2721 praecurrere
1481 2648 1706 2704 amicos.

378 2753 574 2792 cervus
620 2754 825 2808 equum
868 2754 1061 2809 pugna
1102 2733 1304 2789 melior
1347 2734 1730 2789 communibus
1772 2733 1964 2789 herbis

254 2830 331 2879 35
376 2822 642 2894 pellebat,
690 2822 873 2877 donec
912 2820 1095 2875 minor
1134 2819 1197 2875 in
1239 2820 1540 2875 certamine
1583 2821 1752 2892 longo

376 2906 679 2979 inploravit
722 2926 855 2979 opes
898 2904 1137 2961 hominis
1180 2905 1514 2978 frenumque
1555 2904 1790 2977 recepit.

380 2994 479 3047 sed
522 3000 815 3064 postquam
859 2980 1009 3047 victo
1050 2991 1240 3047 ridens
1286 2990 1542 3045 discessit
1584 2993 1654 3045 ab
1698 2991 1878 3056 hoste,

380 3094 495 3133 non
539 3077 785 3149 equitem
828 3079 1011 3146 dorso,
1056 3094 1171 3131 non
1212 3076 1430 3131 frenum
1475 3074 1695 3147 depulit
1738 3090 1851 3129 ore.

380 3162 461 3219 sic
506 3162 600 3234 qui
646 3164 971 3236 pauperiem
1013 3160 1225 3217 veritus
1269 3161 1488 3233 potiore
1530 3158 1773 3215 metallis

252 3256 331 3306 40
378 3247 638 3303 libertate
682 3257 854 3315 caret,
903 3247 1184 3303 dominum
1229 3246 1386 3301 vehit
1427 3246 1696 3319 inprobus
1742 3252 1914 3317 atque

378 3334 586 3389 serviet
629 3342 933 3399 aeternum,
988 3331 1119 3405 quia
1157 3350 1331 3404 parvo
1376 3332 1589 3387 nesciet
1631 3328 1739 3385 uti.

383 3418 475 3474 cui
516 3436 628 3474 non
674 3420 973 3475 conveniet
1009 3435 1111 3473 sua
1150 3435 1262 3485 res,
1304 3425 1370 3472 ut
1413 3418 1630 3471 calceus
1676 3416 1826 3482 olim,

380 3504 428 3559 si
470 3504 615 3576 pede
660 3505 839 3560 maior
881 3502 1007 3570 erit,
1052 3503 1360 3571 subvertet,
1405 3502 1452 3557 si
1493 3501 1692 3570 minor,
1735 3508 1889 3555 uret·
