2459 3959
314 267 402 328 02
1103 271 1524 328 CARMINVM
1564 259 1591 272 “

444 426 534 480 hic
579 427 728 480 unde
770 425 942 480 vitam
987 428 1228 482 sumeret
1273 427 1489 491 anxius,

445 530 638 584 pacem
684 512 870 566 duello
914 511 1156 568 miscuit.
1204 531 1237 567 o
1282 514 1492 585 pudor!

537 616 570 652 o
615 614 815 666 magna
860 596 1133 669 Carthago
1177 599 1460 670 probrosis

322 688 397 736 40
616 681 781 736 altior
822 682 1020 738 Italiae
1063 683 1268 737 ruinis!
1295 685 1308 707 ’

450 832 627 885 fertur
667 828 903 900 pudicae
948 830 1196 903 coniugis
1244 831 1493 886 osculum

449 932 762 988 parvosque
806 923 965 969 natos
1009 924 1072 970 ut
1118 916 1313 988 capitis
1358 917 1538 970 minor

535 1003 604 1056 ab
651 1019 710 1055 se
754 999 1056 1055 removisse
1104 1009 1161 1055 et
1203 1001 1421 1055 virilem

621 1096 812 1142 torvus
856 1087 1009 1140 humi
1053 1086 1303 1159 posuisse
1348 1087 1580 1154 voltum,

326 1242 398 1289 45
451 1237 630 1289 donec
673 1233 915 1288 labantis
961 1219 1195 1288 consilio
1241 1240 1431 1304 patres

448 1322 692 1374 firmaret·
734 1327 930 1373 auctor
972 1337 1255 1389 nunquam
1298 1317 1434 1372 alias
1479 1319 1625 1386 dato,

534 1405 792 1476 interque
835 1403 1132 1458 maerentis
1180 1403 1385 1458 amicos

619 1491 875 1563 egregius
919 1497 1241 1562 properaret
1288 1489 1435 1544 exul.

447 1635 602 1709 atqui
646 1637 853 1692 sciebat
895 1655 1036 1708 quae
1081 1635 1186 1691 sibi
1231 1638 1497 1692 barbarus

335 1724 412 1776 50
459 1730 640 1776 tortor
682 1729 928 1794 pararet3
975 1741 1084 1778 nou
1130 1721 1291 1776 aliter
1334 1731 1519 1777 tamen

539 1807 774 1862 dimovit
817 1807 1091 1862 obstantis
1135 1807 1479 1879 propinquos

621 1901 678 1948 et
722 1893 990 1966 populum
1032 1893 1245 1947 reditus
1290 1901 1621 1962 morantem,

452 2058 616 2112 quam
662 2039 710 2095 si
755 2039 1014 2095 clientum
1057 2040 1224 2110 longa
1270 2039 1497 2112 negotia

456 2125 757 2180 diiudicata
801 2125 900 2179 lite
944 2117 1303 2196 relinqueret,

335 2216 406 2264 55
541 2212 776 2266 tendens
821 2211 1172 2266 Venafranos
1217 2210 1273 2264 in
1320 2229 1481 2284 agros

623 2304 722 2350 aut
766 2296 1267 2364 Lacedaemonium
1312 2297 1634 2352 Tarentum.

1256 2605 1343 2660 VI

458 2748 682 2804 Delicta
724 2749 994 2804 maiorum
1037 2750 1323 2806 inmeritus
1368 2753 1507 2818 lues,

456 2834 724 2902 Romane,
771 2837 947 2891 donec
991 2837 1198 2909 templa
1241 2837 1525 2906 refeceris,

537 2920 803 2993 aedisque
847 2922 1082 2976 labentis
1129 2923 1360 2977 deorum
1404 2931 1463 2976 et

621 3006 788 3061 foeda
831 3006 991 3078 nigro
1038 3006 1329 3062 simulacra
1369 3007 1543 3062 fumo·

373 3157 404 3205 ὃ
454 3149 537 3205 dis
580 3157 637 3206 te
681 3151 946 3208 minorem
991 3153 1140 3224 quod
1184 3152 1355 3224 geris,
1402 3155 1659 3226 imperas,

455 3237 583 3292 hinc
626 3255 788 3292 omne
831 3238 1180 3311 principium,
1227 3240 1335 3296 huc
1380 3243 1523 3296 refer
1566 3240 1806 3295 exitum:

539 3322 596 3378 di
639 3323 813 3376 multa
857 3324 1097 3396 neglecti
1145 3326 1424 3380 dederunt

622 3408 928 3481 Hesperiae
972 3410 1118 3465 mala
1159 3412 1463 3468 luctuosae.
