2459 3959
292 281 418 350 118
1097 279 1417 340 EPODON

415 442 515 496 has
559 440 708 496 inter
751 439 942 512 epulas
988 448 1052 494 ut
1092 439 1251 494 iuvat
1290 445 1477 510 pastas
1519 437 1638 493 ovis

502 526 693 582 videre
736 524 1087 598 properantis
1133 525 1374 592 domum,

415 612 606 668 videre
649 613 826 668 fessos
871 627 1149 666 vomerem
1191 609 1473 666 inversum
1516 609 1687 664 boves

503 699 646 753 collo
688 695 956 752 trahentis
1001 694 1283 766 languide,

296 791 368 839 65
417 783 739 856 positosque
783 799 998 848 vernas,
1044 780 1174 834 ditis
1219 798 1449 836 examen
1495 780 1711 846 domus,

501 869 707 924 circum
746 865 1050 922 renidentis
1094 866 1260 920 laris.’

415 955 553 1009 haee
595 953 690 1007 ubi
732 954 944 1009 locutus
989 953 1269 1007 fenerat-or
1311 949 1513 1017 Alfius,

503 1039 611 1093 iam
656 1039 765 1094 iam
805 1039 1024 1093 futurus
1067 1036 1327 1104 rusticus,

419 1142 639 1180 omnem
683 1123 903 1195 redegit
945 1122 1129 1176 idibus
1173 1120 1487 1194 pecuniam,

297 1213 371 1265 70
505 1209 722 1282 quaerit
763 1207 1006 1264 calendis
1050 1224 1280 1279 ponere·

1215 1488 1307 1543 111

417 1635 674 1690 Parentis
721 1635 853 1690 olim
896 1635 1068 1708 siquis
1112 1634 1267 1708 inpia
1309 1651 1475 1688 manu

509 1721 679 1775 senile
724 1727 917 1792 guttur
958 1720 1207 1792 fregerit,

422 1805 540 1862 edit
581 1805 773 1860 cicutis
817 1806 984 1860 alium
1028 1804 1339 1860 nocentius,

505 1909 537 1944 o
582 1893 720 1945 dura
759 1908 1058 1946 messorum
1100 1890 1227 1945 ilia!

342 1982 372 2029 5
422 1976 558 2048 quid
600 1977 703 2030 hoc
744 1975 944 2032 veneni
987 1977 1162 2030 saevit
1203 1976 1263 2030 in
1306 1973 1640 2046 praecordiis
1663 1973 1691 2026 ⁸?

504 2079 637 2116 num
679 2061 959 2134 viperinus
1002 2060 1086 2116 his
1135 2079 1297 2115 cruor

417 2146 667 2201 incoctus
711 2146 896 2201 herbis
941 2165 1029 2202 me
1072 2146 1289 2212 fefellit,
1332 2165 1403 2201 an
1444 2145 1618 2200 malas

506 2230 738 2286 Canidia
777 2232 1039 2287 tractavit
1081 2231 1291 2303 dapes?

419 2324 482 2371 ut
524 2317 875 2388 Argonautas
919 2327 1140 2388 praeter
1181 2317 1359 2371 omnis
1402 2314 1695 2370 candidum

299 2405 373 2456 10
503 2402 708 2456 Medea
750 2402 946 2457 mirata
988 2411 1071 2457 est
1115 2403 1331 2469 ducem,

422 2486 614 2558 ignota
653 2487 826 2542 tauris
869 2487 1223 2560 inligaturum
1266 2487 1397 2560 iuga

502 2573 767 2645 perunxit
808 2575 912 2628 hoc
955 2574 1239 2628 Iasonem:

419 2659 524 2713 hoc
567 2658 827 2713 delibutis
871 2660 988 2713 ulta
1033 2658 1192 2714 donis
1236 2659 1467 2732 pelicem

506 2753 761 2816 serpente
802 2743 948 2816 fugit
990 2743 1139 2799 alite.

298 2838 522 2886 15·nec
563 2836 749 2883 tantus
795 2846 1034 2903 unquam
1079 2828 1323 2884 siderum
1366 2827 1575 2884 insedit
1618 2845 1792 2900 vapor

503 2914 818 2970 siticulosae
861 2914 1156 2985 Appuliae,

417 3017 520 3055 nec
563 3019 759 3054 munus
803 2999 1006 3053 umeris
1050 3000 1287 3054 efficacis
1332 2998 1589 3054 Herculis

499 3085 695 3139 inarsit
736 3082 1058 3139 aestuosius.

418 3179 474 3224 at
517 3170 701 3242 siquid
746 3187 985 3241 unquam
1027 3171 1141 3225 tale
1186 3168 1586 3242 concupiveriS‚

295 3263 370 3312 20
501 3255 707 3322 iocosa,
747 3255 1065 3323 Maecenas,
1110 3273 1308 3327 precor

415 3359 634 3395 manum
677 3341 861 3412 puella
903 3339 1056 3397 savio
1101 3348 1344 3412 opponat
1387 3347 1507 3408 tu0,

498 3432 742 3480 extrema
785 3433 843 3480 et
882 3424 943 3478 in
987 3427 1199 3498 sponda
1242 3427 1421 3479 cubet.
