2459 3959
1991 295 2008 311 .
2109 332 2211 403 m

245 466 644 545 bendantur‚
695 466 808 531 sed
846 467 1038 531 etiam
1075 464 1494 532 artificiosam
1537 466 1605 530 in
1649 466 2027 547 universum.
2066 488 2208 531 car‘-

247 555 509 617 minum
557 552 1088 639 compositionem
1143 550 1335 617 foede
1379 551 1693 617 turbasse.
1758 574 1909 618 nam
1950 550 2219 615 Horatii

250 638 565 725 strophas
613 638 805 702 simili
850 661 1119 739 prorsus
1167 637 1577 720 aequalitatis
1640 648 1836 723 atque
1882 638 2229 701 concinni--

253 725 415 788 tatis
479 724 748 789 artificio
806 722 1160 807 dlspositas
1219 745 1396 801 esse,
1468 722 1661 807 quale
1703 724 1774 787 in
1819 722 2229 809 elegicorum.

250 819 610 891 poetarum
633 809 932 874 distichis
962 808 1505 896 CMuelZenlzoffius
1528 808 1978 873 animadvertit
2000 807 2217 892 (Aug.

251 893 707 959 Monatsschr.
743 896 911 963 1854
933 896 1401 981 p.186—-201),
1450 894 1823 960 adcuratius
1865 894 2220 974 inquirenti

251 1002 391 1045 non
439 991 655 1067 potest
698 1002 828 1045 non
873 981 1230 1046 certissime
1273 994 1515 1067 patere.
1564 1003 1761 1065 quam
1782 979 1863 1045 ob
1888 1002 2023 1043 rem
2046 978 2230 1045 hanc‘

249 1066 676 1150 potissimum
709 1067 1028 1133 rationem
1056 1089 1391 1151 nunquam
1414 1088 1546 1131 non
1574 1064 2051 1165 respiciendam
2091 1084 2217 1146 pu-

251 1152 420 1229 tavi,
469 1151 580 1215 ubi
626 1152 707 1215 de
754 1152 1029 1239 singulis
1077 1152 1361 1237 strophis
1402 1162 1515 1217 aut
1546 1151 1844 1216 mih1aut
1876 1148 2023 1215 aliis
2071 1172 2227 1214 sus--

256 1236 482 1317 pectis
528 1237 947 1303 iudicandum
991 1239 1132 1303 fuit.
1181 1260 1391 1321 neque
1434 1260 1605 1302 nova
1658 1237 1819 1301 haec
1872 1236 2037 1300 ratio
2093 1248 2219 1313 est,

255 1320 481 1403 quade
534 1336 598 1387 et
653 1322 1045 1388 CSehweneIc.
1109 1325 1175 1386 in
1236 1323 1449 1387 annal.
1492 1322 1719 1407 philol.
1768 1334 1811 1387 t.
1855 1340 2000 1385 Lxx
2044 1343 2105 1402 p.
2134 1322 2219 1387 80

251 1429 406 1493 sqq.
456 1418 517 1472 et
561 1408 1192 1495 ELToe-omphellerus
1220 1435 1224 1440 ·
1256 1407 1557 1493 (Beitrag
1598 1432 1651 1471 z.
1676 1396 2115 1492 Wiirdigung‘
2148 1408 2215 1471 d.

249 1490 422 1557 Hor.
446 1492 869 1562 Dichtweise.
895 1492 1410 1579 Coburgi1855)
1458 1493 1799 1559 verissime
1841 1493 1909 1555 in
1953 1493 2219 1557 univer-

255 1600 407 1641 sum
470 1591 900 1662 monuerunt,
967 1600 1337 1664 quanquam
1431 1600 1553 1643 uae
1610 1577 1691 1643 de
1752 1576 2025 1662 singulis
2071 1600 2217 1642 car·-

250 1660 548 1729 minibus
593 1664 967 1731 iudicarunt
1014 1666 1235 1730 omnia
1279 1686 1399 1748 pro
1450 1686 1558 1727 are
1586 1686 1718 1729 non
1761 1685 2050 1749 possum.
2091 1686 2220 1728 non

252 1750 442 1813 nulla
507 1748 968 1815 CWNauekius
1031 1772 1291 1834 quoque
1355 1750 1425 1814 in
1469 1750 1750 1816 editione
1819 1771 1937 1814 sua
2007 1749 2219 1835 (Lips.

257 1835 458 1912 1854)
523 1834 822 1900 similiter
887 1836 1383 1902 administravit.
1442 1835 1557 1900 sed
1617 1835 1796 1921 quod
1862 1835 1999 1899 eius
2044 1835 2221 1898 modi

255 1921 664 2006 argumentis
691 1944 854 1987 usus
887 1958 970 1970 —-
1000 1921 1239 2006 quibus
1280 1921 1407 1985 alia
1440 1934 1668 2005 sponte
1699 1918 2096 1985 accedebant
2141 1954 2223 1967 --

262 2004 375 2071 hic
423 2005 562 2069 illic
606 2007 945 2092 aliquanto
986 2008 1138 2093 plus
1188 2028 1385 2090 quam
1412 2004 1785 2071 Meinekius
1832 2026 2031 2069 ausus
2080 2028 2225 2069 sum

265 2092 368 2169 (cf.
401 2088 654 2169 C.1.1;
706 2096 806 2159 35.
851 2090 1195 2169 IL1319.
1257 2089 1379 2155 III.
1414 2092 1485 2168 33
1540 2095 1659 2168 113
1710 2094 1813 2155 30.
1878 2088 2097 2167 IV.6;
2147 2094 2225 2165 93

261 2176 379 2258 14)
415 2198 570 2241 sane
614 2178 906 2263 longiore
953 2177 1400 2263 disputatione
1445 2177 1515 2241 id
1563 2199 1753 2264 egere
1798 2174 1985 2241 video
2031 2198 2227 2260 quam
2266 2242 2269 2245 ,

253 2284 376 2346 pro
425 2262 618 2326 huius
664 2262 966 2327 editionis
1012 2262 1250 2328 finibus
1296 2285 1647 2328 concessa:
1698 2283 1895 2353 quare
1929 2261 2223 2347 singulas

262 2359 517 2412 tantum
583 2369 750 2433 quae
815 2348 944 2413 huc
1009 2349 1333 2433 pertinent
1397 2349 1701 2430 strophas
1764 2346 1994 2429 paucis
2061 2346 2231 2411 infra

263 2431 652 2518 significavi,
701 2432 781 2498 de
827 2434 1136 2499 universa
1181 2456 1257 2497 ea
1301 2456 1432 2518 qua
1474 2435 1580 2519 egi
1626 2434 1877 2499 ratione
1919 2432 1985 2495 in
2030 2451 2233 2513 pecu-

265 2517 412 2581 liari
459 2516 676 2583 libello
722 2541 926 2604 prope
975 2518 1147 2583 diem
1193 2519 1447 2585 edendo
1495 2519 1805 2583 dicturus.

447 2602 581 2668 Sed
624 2615 700 2667 ut
741 2603 848 2670 hic
892 2604 1026 2670 illic
1072 2604 1138 2669 in
1184 2602 1311 2669 hac
1354 2604 1755 2690 praefatione
1801 2602 1928 2667 alia
1976 2624 2235 2686 quoque

268 2688 353 2754 ad
378 2688 586 2773 ipsam
630 2690 1191 2776 interpretationem
1225 2690 1588 2775 spectantia
1620 2689 2020 2773 adtingerem
2056 2709 2235 2752 com-

270 2787 488 2841 motus
555 2796 701 2839 sum
765 2774 1195 2857 plurimorum
1240 2776 1668 2860 interpretum
1716 2772 2094 2839 credulitate
2140 2784 2237 2837 at-

271 2882 402 2947 que
426 2858 793 2937 oscitantia,
840 2862 953 2945 qui
987 2882 1134 2925 cum
1165 2882 1241 2925 ea
1272 2860 1658 2946 plerumque
1688 2860 2039 2943 neglegant
2072 2880 2239 2940 quae

267 2968 496 3011 revera
556 2958 666 3010 aut
733 2944 818 3008 ad
881 2968 1098 3010 rerum
1155 2960 1486 3032 gestarum
1549 2942 1660 3027 (C.
1712 2943 1802 3008 Π.
1855 2948 1909 3007 1.
1962 2947 2063 3008 17.
2108 2942 2235 3009 ΙΙΙ.

274 3039 336 3098 5.
366 3035 426 3107 9)
475 3042 584 3095 aut
631 3028 714 3094 ad
761 3030 1038 3095 aliorum
1085 3032 1473 3116 scriptorum
1522 3028 1605 3113 (I.
1652 3031 1708 3095 2.
1754 3028 1829 3093 Ε.
1879 3031 1991 3111 16)
2054 3030 2233 3093 simi-

274 3116 612 3181 litudinem
661 3114 873 3181 efficta
921 3125 1108 3200 sunt,
1175 3117 1341 3181 mira
1387 3115 1617 3181 iudicii
1659 3114 2077 3201 perversitate
2122 3138 2241 3179 va-

274 3222 395 3267 nas
443 3202 694 3288 species
742 3211 1077 3287 captantes
1139 3224 1218 3267 ex
1268 3202 1423 3268 solis
1470 3202 1715 3287 ingenii
1761 3198 2009 3265 lusibus
2062 3210 2237 3263 certa

275 3310 490 3353 rerum
511 3297 709 3373 atque
733 3286 1068 3350 hominum
1087 3287 1361 3375 vestigia
1382 3287 1699 3351 extricare
1718 3285 2006 3351 student:
2049 3284 2245 3366 quasi.-

274 3394 426 3437 vero
481 3373 975 3439 scholiastarum
1034 3375 1450 3455 antiquorum
1520 3383 1887 3437 commenta
1942 3392 2021 3435 ex
2076 3370 2237 3453 ipsis

279 3458 664 3543 plerumque
687 3456 946 3521 Horatii
970 3455 1186 3521 verbis
1231 3458 1398 3526 male
1431 3456 1705 3521 conficta
1726 3471 2015 3541 repetere
2048 3476 2235 3539 prae-

276 3555 513 3621 staret,
586 3565 782 3627 quam
829 3565 868 3606 a
911 3542 1226 3627 Lessinyio
1281 3545 1656 3627 (Rettunyen
1712 3543 1813 3605 des
1857 3542 2106 3613 Horam,
2163 3539 2231 3601 in
