2459 3959
260 238 395 301 248
952 244 1509 301 EPISTVLARVM

441 401 688 473 perfidus
730 400 914 467 Ixion,
958 400 1025 455 Io
1069 418 1231 474 vaga,
1276 402 1450 458 tristis
1497 401 1744 457 Orestes.

279 488 395 540 125
444 485 629 559 siquid
670 488 1024 559 inexpertum
1068 504 1301 544 scaenae
1347 486 1628 543 conmittis
1671 494 1729 541 et
1772 487 1944 539 audes

438 590 734 644 personam
776 572 1017 629 formare
1060 591 1282 642 novam,
1327 581 1578 629 servetur
1623 573 1697 626 ad
1739 571 1908 625 imum

442 659 622 729 qualis
666 660 737 713 ab
782 658 1005 730 incepto
1050 659 1410 731 processerit,
1459 665 1517 713 et
1559 657 1668 711 sibi
1712 664 1948 711 constet.

442 742 670 799 difficile
715 752 802 799 est
842 743 1069 816 proprie
1113 744 1426 799 communia
1470 742 1674 811 dicere,
1719 751 1892 813 tuque

440 829 647 885 rectius
689 829 923 884 Iliacum
969 846 1191 884 carmen
1238 830 1468 885 deducis
1511 828 1570 884 in
1615 836 1790 895 actus,

279 916 395 967 1³0
442 930 608 985 quam
652 915 701 969 si
741 916 1013 987 proferres
1058 914 1255 987 ignota
1297 915 1620 986 indictaque
1662 913 1894 986 primus.

440 999 667 1069 publica
708 999 966 1055 materies
1002 1000 1217 1078 privati
1261 1000 1397 1055 iuris
1441 1000 1564 1069 erit,
1609 998 1658 1053 si

440 1101 552 1138 non
596 1084 743 1140 circa
784 1084 951 1139 vilem
993 1087 1354 1159 patulumque
1397 1084 1704 1140 moraberis
1747 1084 1958 1151 orbem,

444 1186 549 1223 nec
591 1172 825 1226 verbum
869 1170 1037 1225 verbo
1082 1172 1301 1227 curabis
1347 1173 1584 1227 reddere
1629 1170 1772 1223 fidus

441 1252 737 1327 interpres,
782 1275 885 1311 nec
926 1256 1148 1312 desilies
1192 1257 1442 1313 imitator
1485 1256 1543 1310 in
1590 1263 1788 1323 artum,

278 1341 394 1393 185
448 1342 598 1395 unde
642 1343 841 1418 pedem
885 1342 1137 1415 proferre
1181 1346 1365 1414 pudor
1405 1350 1557 1397 vetet
1600 1348 1696 1395 aut
1739 1338 1924 1411 operis
1967 1338 2084 1395 lex.

450 1443 553 1480 nec
598 1426 678 1481 sic
722 1428 977 1501 incipies,
1026 1437 1091 1482 ut
1134 1428 1372 1499 scriptor
1417 1427 1624 1499 cyclius
1667 1425 1816 1493 olim,

446 1506 741 1567 ‘fortunam
784 1513 991 1567 Priami
1034 1514 1271 1568 cantabo
1313 1523 1374 1569 et
1415 1513 1604 1568 nobile
1646 1510 1891 1567 bellum.’

449 1596 585 1669 quid
628 1598 857 1669 dignum
902 1606 1059 1655 tanto
1102 1600 1248 1653 feret
1289 1599 1383 1654 hic
1428 1598 1732 1672 promissor
1774 1595 1974 1651 hiatu?

445 1684 765 1753 parturiunt
807 1694 1040 1749 montes,
1088 1694 1348 1739 nascetur
1389 1684 1660 1739 ridiculus
1704 1700 1846 1737 mus.

286 1769 397 1819 140
447 1776 654 1839 quanto
698 1770 903 1824 rectius
934 1768 1034 1823 hic
1076 1769 1174 1842 qui
1216 1770 1300 1823 nil
1341 1770 1568 1826 molitur
1609 1769 1825 1839 inepte:

446 1852 553 1907 ‘dic
596 1854 753 1923 mihi,
798 1855 980 1919 Musa,
1028 1854 1229 1924 virum,
1277 1865 1473 1928 captae
1516 1865 1644 1928 post
1688 1851 1911 1908 moenia
1953 1851 2162 1907 Troiae

450 1937 548 2009 qui
590 1956 773 1994 mores
819 1940 1102 1995 hominum
1146 1941 1448 1996 mult-orum
1491 1941 1632 1995 vidit
1677 1948 1736 1993 et
1779 1935 1972 1994 urbis.⁹

447 2041 560 2078 non
605 2024 817 2080 fumum
862 2044 933 2080 ex
974 2026 1211 2099 fulgore,
1259 2029 1358 2081 sed
1403 2045 1474 2081 ex
1517 2026 1668 2099 fumo
1714 2027 1848 2079 dare
1891 2023 2073 2077 lucem

448 2109 674 2181 cogitat,
722 2120 785 2165 ut
829 2111 1083 2183 speciosa
1126 2111 1329 2167 dehinc
1372 2112 1638 2166 miracula
1681 2117 1916 2183 promat,

287 2197 405 2249 145
454 2193 805 2268 Antiphaten
851 2196 1204 2269 Scyllamque
1253 2206 1310 2251 et
1355 2214 1478 2251 cum
1525 2195 1771 2267 Cyclope
1817 2190 2157 2264 Charybdin·

442 2297 551 2334 nec
592 2282 834 2336 reditum
876 2282 1167 2337 Diomedis
1214 2284 1286 2336 ab
1331 2281 1562 2337 interitu
1605 2279 1900 2352 Meleagri,

447 2382 554 2419 nec
595 2367 819 2438 gemino
866 2368 1074 2423 bellum
1122 2369 1427 2423 Troianum
1472 2367 1691 2423 orditur
1733 2366 1804 2419 ab
1849 2381 1956 2419 ovo
1975 2382 2012 2417 :-

446 2466 669 2522 semper
712 2454 781 2506 ad
826 2462 1089 2509 eventum
1131 2455 1360 2509 festinat
1405 2462 1462 2508 et
1504 2452 1562 2506 in
1607 2450 1818 2507 medias
1861 2466 1950 2503 res

447 2553 561 2589 non
606 2554 766 2593 secus
810 2556 875 2593 ac
920 2548 1083 2593 notas
1128 2540 1440 2594 auditorem
1484 2538 1650 2609 rapit,
1694 2545 1752 2591 et
1797 2552 1940 2607 quae

282 2624 402 2674 150
453 2621 717 2693 desperat
760 2632 1001 2684 tractata
1042 2623 1320 2680 nitescere
1361 2642 1528 2696 posse
1574 2620 1866 2693 relinquit,

447 2713 615 2779 atque
660 2707 743 2763 ita
783 2709 1074 2777 mentitur,
1121 2710 1200 2765 sic
1244 2710 1388 2765 veris
1433 2708 1574 2765 falsa
1616 2707 1894 2772 remiscet,

436 2791 621 2863 primo
666 2812 737 2849 ne
781 2795 1047 2864 medium,
1096 2796 1281 2851 medio
1327 2813 1394 2850 ne
1440 2794 1720 2865 discrepet
1763 2792 1950 2846 imum.

450 2884 514 2932 tu
556 2879 695 2951 qnid
739 2898 845 2951 ego
890 2890 946 2935 et
992 2883 1232 2953 populus
1277 2898 1493 2936 mecum
1538 2878 1823 2934 desideret
1865 2874 2028 2931 audi:

446 2965 772 3035 spectatoris
818 2984 948 3038 eges
994 2967 1191 3022 aulaea
1234 2965 1506 3021 manentis
1551 2973 1610 3019 et
1651 2981 1826 3036 usque

288 3052 405 3103 155
453 3050 676 3118 sessuri,
722 3052 902 3107 donec
944 3062 1139 3107 cantor
1186 3050 1306 3107 ‘vos
1330 3050 1598 3124 plaudite’
1638 3048 1810 3118 dicat,

446 3134 644 3189 aetatis
694 3136 961 3208 cuiusque
1004 3138 1238 3193 notandi
1281 3146 1412 3191 sunt
1451 3135 1558 3191 tibi
1600 3152 1802 3203 mores,

446 3220 856 3293 mobilibusque
900 3224 1087 3290 decor,
1132 3223 1363 3277 maturis
1409 3222 1627 3275 dandus
1671 3228 1730 3275 et
1773 3216 1956 3274 annis.

445 3305 681 3359 reddere
723 3307 823 3379 qui
867 3325 1034 3363 voces
1080 3308 1190 3363 iam
1236 3307 1341 3362 scit
1381 3324 1522 3377 puer
1565 3314 1623 3361 et
1663 3296 1813 3379 pede
1859 3311 2010 3357 certo

448 3386 633 3459 signat
672 3391 917 3461 humum,
964 3394 1137 3466 gestit
1181 3393 1408 3467 paribus
1455 3392 1758 3447 conludere
1801 3399 1861 3444 et
1902 3388 2046 3443 iram

277 3475 399 3526 160
448 3473 683 3546 conligit
726 3494 789 3532 ac
832 3478 993 3551 ponit
1037 3489 1247 3535 temere
1290 3488 1348 3535 et
1390 3485 1636 3533 mutatur
1679 3477 1736 3532 in
1779 3478 1968 3531 horas.
