2459 3959
1018 271 1253 328 LIBER
1273 273 1353 331 11.
1400 282 1432 330 5
2070 271 2201 364 18¹3

420 438 551 477 cera
589 423 730 478 velit
772 443 972 493 versu3
1019 427 1185 492 solus,
1232 427 1495 482 multisne
1538 427 1789 494 coheres,

287 511 369 561 55
419 507 598 562 veloci
642 528 905 581 percurre
949 512 1130 568 oculo.
1178 513 1503 584 plerumque
1546 523 1799 570 recoctus

417 592 600 648 scriba
643 613 715 650 ex
757 595 1122 668 quinqueviro
1165 614 1391 652 corvum
1435 598 1665 654 deludet
1704 599 1971 670 hiantem,

414 687 778 751 captatorque
823 681 978 736 dabit
1027 681 1168 736 risus
1211 682 1419 738 Nasica
1462 682 1725 738 Corano!

417 781 551 817 num
593 765 730 820 furis
775 785 845 820 an
887 768 1131 838 prudens
1177 767 1323 821 ludis
1368 787 1456 822 me
1501 770 1737 824 obscura
1782 771 2087 826 canendo?

419 847 470 902 ‘o
512 850 828 919 Laertiade,
874 852 1150 923 quidquid
1193 852 1372 906 dicam
1416 861 1513 906 aut
1554 854 1660 908 erit
1704 869 1801 909 aut
1842 875 1984 910 non:

293 937 372 987 60
421 934 671 990 divinare
715 937 918 991 etenim
961 955 1192 1006 magnus
1236 937 1371 991 mihi
1415 939 1589 995 donat
1628 939 1879 1010 Apollo:

416 1022 549 1090 quid
592 1029 778 1076 tamen
822 1021 930 1076 ista
971 1021 1108 1076 velit
1151 1021 1259 1076 sibi
1300 1023 1505 1091 fabula,
1550 1024 1597 1079 si
1640 1025 1793 1094 licet,
1840 1027 1966 1082 ede.

415 1105 704 1176 ‘tempore,
751 1126 862 1179 quo
906 1107 1122 1162 iuvenis
1167 1108 1389 1162 Parthis
1432 1109 1763 1180 horrendus,
1810 1113 1879 1166 ab
1925 1113 2042 1167 alto

414 1191 715 1246 demissum
759 1211 932 1264 genus
977 1195 1186 1257 Aenea,
1230 1193 1433 1248 tellure
1477 1193 1725 1266 marique

415 1294 646 1348 magnus
691 1277 813 1345 erit,
857 1278 988 1333 forti
1030 1279 1204 1332 nubet
1246 1296 1478 1350 procera
1522 1277 1739 1334 Corano

287 1364 365 1415 65
412 1361 528 1415 filia
569 1362 828 1431 Nasicae,
872 1362 1170 1418 metuentis
1214 1365 1453 1418 reddere
1498 1365 1735 1419 soldum.

409 1455 532 1500 tum
577 1466 751 1518 gener
793 1451 898 1503 hoc
941 1449 1134 1504 faciet:
1179 1448 1395 1502 tabulas
1439 1467 1631 1504 socero
1678 1449 1833 1504 dabit
1876 1459 2051 1523 atque

411 1541 478 1586 ut
517 1533 666 1604 legat
709 1534 914 1601 orabit3
962 1535 1193 1588 multum
1236 1533 1441 1587 Nasica
1484 1544 1715 1604 negatas

414 1617 652 1690 accipiet
694 1621 922 1673 tandem
968 1628 1027 1674 et
1069 1619 1274 1674 tacitus
1307 1619 1475 1690 leget,
1521 1619 1878 1691 invenietque

416 1701 498 1755 nil
543 1703 650 1758 sibi
694 1704 940 1775 legatum
984 1713 1206 1777 praeter
1250 1704 1469 1774 plorare
1514 1705 1757 1777 suisque.

287 1791 366 1841 70
413 1787 555 1841 illud
599 1791 671 1842 ad
712 1791 850 1844 haec
892 1790 1088 1850 iubeo:
1136 1789 1337 1844 mulier
1379 1790 1427 1843 si
1470 1791 1614 1845 sorte
1661 1791 1857 1846 dolosa

411 1872 718 1928 libertusve
764 1893 951 1928 senem
995 1874 1232 1928 delirum
1276 1885 1569 1946 temperet,
1616 1875 1731 1931 illis

415 1961 646 2012 accedas
691 1960 912 2026 socius3
960 1961 1171 2024 laudes,
1218 1960 1459 2014 lauderis
1505 1971 1569 2014 ut
1610 1965 1829 2016 absens.

415 2043 647 2098 adiuvat
688 2045 793 2098 hoc
836 2063 1089 2116 quoque3
1136 2047 1230 2098 sed
1278 2044 1451 2098 vincit
1493 2046 1659 2117 longe
1704 2046 1857 2118 prius
1901 2048 2085 2120 ipsum

415 2145 738 2201 expugnare
783 2139 968 2200 caput.
1015 2129 1216 2184 scribet
1261 2131 1403 2185 mala
1447 2131 1687 2186 carmina
1729 2148 1951 2188 vecors:

292 2217 370 2266 75
417 2213 664 2268 laudato.
720 2224 990 2269 scortator
1034 2215 1174 2269 erit:
1220 2233 1353 2270 cave
1396 2224 1453 2268 tc
1496 2227 1691 2288 roget3
1737 2217 1883 2272 ultro

412 2298 752 2372 Penelopam
794 2300 970 2354 facilis
1013 2299 1218 2371 potiori
1263 2291 1461 2354 trade.'
1506 2311 1764 2372 putasne,

415 2384 646 2454 perduci
689 2386 897 2456 poterit
939 2396 1050 2439 tam
1094 2386 1239 2456 frugi
1280 2394 1505 2457 tamque
1548 2389 1767 2458 pudica,

415 2487 580 2540 quam
623 2470 890 2541 nequiere
931 2470 1088 2542 proci
1131 2480 1285 2526 recto
1330 2472 1610 2542 depellere
1656 2491 1818 2526 cursu
1841 2473 1868 2527 ⁶?

419 2551 594 2608 ‘venit
637 2555 800 2622 enim,
843 2575 1102 2628 magnum
1149 2556 1389 2610 donandi
1433 2575 1616 2628 parca,
1660 2558 1942 2626 iuventus,

295 2641 375 2691 80
422 2657 526 2694 nec
569 2649 785 2694 tantum
811 2642 1050 2696 Veneris
1094 2653 1363 2713 quantum
1406 2643 1652 2698 studiosa
1696 2644 1927 2698 culinae.

421 2724 502 2780 sic
543 2724 650 2779 tibi
691 2725 974 2797 Penelope
1015 2727 1160 2798 frugi
1205 2737 1325 2780 est:
1369 2745 1512 2798 quae
1556 2729 1603 2782 si
1650 2729 1823 2784 semel
1866 2747 1977 2784 uno

419 2811 490 2864 de
533 2828 664 2865 sene
707 2812 944 2879 gustarit
984 2821 1166 2866 tecum
1208 2813 1415 2884 partita
1454 2813 1732 2882 lucellum,

415 2904 482 2949 ut
523 2895 673 2950 canis
717 2915 750 2950 a
795 2898 944 2952 corio
988 2915 1267 2969 nunquam
1311 2899 1711 2953 absterrebitur
1750 2908 1939 2956 uncto.

414 2998 504 3035 me
549 2999 682 3036 sene
727 2984 878 3053 quod
921 2982 1098 3036 dicam
1140 2983 1345 3037 factum
1390 2994 1493 3038 est,
1538 3001 1674 3038 anus
1717 2983 1953 3055 inproba
1975 2985 2190 3042 Thebis

287 3070 368 3120 85
419 3083 490 3120 ex
532 3075 866 3121 testamento
912 3067 994 3122 sic
1036 3077 1122 3122 est
1164 3069 1334 3122 elata:
1381 3070 1621 3123 cadaver

412 3159 638 3204 unctum
683 3153 804 3206 oleo
849 3153 1004 3224 largo
1047 3153 1211 3208 nudis
1257 3153 1461 3208 umeris
1506 3154 1636 3208 tulit
1678 3155 1863 3221 heres,

413 3235 627 3291 scilicet
669 3237 816 3292 elabi
859 3237 906 3291 si
951 3246 1138 3308 posset
1181 3247 1432 3306 mortua3
1478 3241 1661 3306 crede,

413 3323 561 3391 quod
607 3321 837 3376 nimium
879 3322 1157 3378 institerat
1201 3323 1429 3378 viventi.
1476 3333 1669 3379 cautus
1714 3324 1885 3393 adito,

409 3423 520 3460 neu
565 3408 712 3462 desis
759 3425 979 3480 operae,
1025 3427 1162 3464 neve
1205 3409 1582 3464 inmoderatus
1626 3412 1909 3478 abundes;
