2459 3959
256 287 344 351 92
1015 293 1435 352 CARMINVM

275 456 352 505 45
399 459 516 505 tum
559 467 728 517 meae,
775 447 957 523 siquid
1000 449 1199 521 loquor
1236 449 1593 517 audiendum,

399 535 548 592 vocis
591 535 816 590 accedet
859 537 1008 588 bona
1049 553 1198 606 paru,
1245 543 1304 590 et
1348 531 1401 590 ‘o
1448 534 1545 589 Sol

398 622 650 695 pulcher,
696 639 729 675 0
773 619 1064 676 laudande’
1114 637 1303 675 canam
1346 628 1576 693 recepto

489 705 721 762 Caesare
763 706 917 761 felix.

401 877 610 950 †teque
653 879 785 932 dum
824 879 1098 949 procedit,
1145 877 1200 933 io
1246 878 1569 950 Triumphe,

279 967 354 1018 50
401 981 510 1018 non
557 964 727 1018 semel
772 961 1032 1031 dicemus,
1078 964 1132 1019 io
1178 965 1504 1036 Triumphe,

403 1047 595 1103 civitas
639 1047 835 1116 omnis,
881 1051 1243 1122 dabimusque
1287 1051 1427 1105 divis

487 1141 614 1189 tura
654 1133 930 1207 benignis.

404 1313 460 1360 te
503 1306 694 1360 decem
737 1304 882 1360 tauri
923 1305 1267 1379 totidemque
1312 1323 1531 1374 vaccae,

403 1410 490 1447 me
533 1399 694 1447 tener
736 1392 914 1447 solvet
956 1391 1181 1460 vitulus,
1225 1393 1423 1447 relicta

280 1482 354 1532 55
405 1486 580 1532 matre
626 1476 721 1550 qui
766 1477 936 1548 largis
983 1477 1298 1533 iuvenescit
1342 1479 1529 1532 herbis

463 1563 543 1626 ‚in
589 1579 710 1618 mea
753 1569 904 1632 vota,

403 1732 584 1788 fronte
627 1740 879 1789 curvatos
921 1733 1167 1789 imitatus
1211 1733 1358 1805 ignis

400 1819 626 1873 tertium
668 1819 830 1873 lunae
875 1821 1168 1874 referentis
1213 1831 1412 1886 ortum,

402 1922 512 1977 qua
554 1912 742 1958 notam
784 1904 962 1973 duxit,
1007 1904 1202 1960 niveus
1247 1904 1444 1974 videri,

283 1991 358 2043 60
487 1999 670 2045 cetera
711 1990 916 2046 fulvus.

1199 2272 1292 2328 ΙΙΙ

343 2405 355 2412 ’
406 2417 582 2483 Quem
626 2424 708 2485 tu,
755 2417 1124 2489 Melpomene,
1170 2419 1341 2474 semel

487 2511 804 2558 nascentem
855 2503 1073 2575 placido
1119 2504 1326 2558 lumine
1367 2502 1595 2571 videris,

401 2588 558 2643 illum
603 2607 712 2643 non
757 2589 916 2643 labor
960 2588 1218 2644 Isthmius

491 2673 725 2729 clarabit
765 2674 1031 2747 pugilem,
1076 2693 1187 2728 non
1232 2693 1410 2747 equus
1455 2673 1675 2748 inpiger

324 2854 356 2904 5
405 2865 568 2903 curru
612 2848 779 2902 ducet
821 2846 1061 2902 Achaico

489 2932 770 2998 victorem,
815 2951 994 3005 neque
1038 2951 1128 2987 res
1171 2932 1372 2988 bellica
1402 2930 1592 2987 -Deliis

297 3076 312 3086 ‚
406 3027 658 3074 ornatum
699 3017 846 3073 foliis
893 3021 1104 3084 ducem,

492 3106 641 3176 quod
683 3122 874 3176 regum
917 3103 1156 3159 tumidas
1199 3102 1515 3161 contuderit
1558 3101 1753 3172 minas,

408 3278 666 3332 ostendet
709 3277 1012 3350 Capitolio:

286 3365 361 3418 10
491 3364 588 3416 sed
631 3381 773 3434 quae
801 3364 978 3419 Tibur
1021 3381 1196 3437 aquae
1239 3363 1424 3418 fertile
1468 3365 1802 3436 praefluunt,

408 3456 464 3502 et
509 3447 716 3520 spissae
759 3467 1044 3504 nemorum
1087 3467 1277 3504 comae

493 3533 706 3605 fingent
749 3534 947 3590 Aeolio
991 3535 1230 3590 carmine
1276 3533 1538 3589 nobilem.
