2459 3959
219 304 299 357 lv

231 441 577 509 desideriis
623 440 905 505 alienum
948 455 1154 517 esset,
1217 462 1429 524 neque
1474 461 1729 522 sperare
1773 438 1993 512 liceret
2038 440 2183 503 fore

231 541 309 593 ut
354 527 494 593 sola
537 526 950 592 Meinekiana
1005 526 1201 591 editio
1270 526 1429 589 satis
1472 524 1993 609 pervulgaretur,
2041 526 2179 587 ian-

235 612 484 677 dudum
511 612 579 675 in
601 612 770 675 votis
802 624 938 675 erat
961 611 1139 695 apud
1167 632 1279 675 eos
1314 632 1589 695 quorum
1636 610 1816 675 hisce
1861 610 1941 673 de
1984 610 2195 676 rebus.

233 699 617 783 intellegens
683 712 776 760 est
840 697 1417 781 incorruptumque
1474 694 1823 771 iudicium,
1891 709 1961 760 ut
2007 718 2183 760 nova

237 783 527 849 editione
583 783 708 845 hac
764 781 782 845 i
840 805 912 845 sa
953 784 1018 845 in
1080 782 1238 847 urbe
1300 782 1593 868 paranda
1655 781 1843 865 quasi
1911 782 2185 866 publico

234 868 538 951 exemplo
586 804 1058 945 ostenieretur,
1107 889 1301 951 quam
1348 890 1577 951 parum
1618 868 1675 931 ei
1715 865 1951 947 quibus
1978 866 2185 951 vulgo

234 956 335 1019 uti
361 954 646 1018 solemus
669 950 820 1016 libri
848 953 1038 1016 iustis
1077 952 1419 1017 desideriis
1454 951 1613 1015 satis
1646 954 1860 1017 facere
1900 970 2187 1037 possent.

408 1038 536 1104 His
595 1036 793 1102 rebus
852 1038 941 1100 ita
1002 1038 1373 1123 conpara-tis
1437 1032 1601 1101 cum‘
1632 1059 1839 1102 novae
1882 1037 2185 1103 editionis

235 1113 480 1188 munus
527 1122 993 1207 suscepissem,
1043 1123 1483 1187 recensionem
1528 1121 1609 1185 ab
1653 1121 1950 1205 Hauptio
1994 1124 2185 1187 insti-

238 1224 446 1273 tutam
495 1233 533 1271 a
576 1207 905 1274 Meinekio
963 1210 1365 1292 recognitam
1431 1207 1524 1271 ita
1577 1230 1695 1292 pro
1758 1208 2189 1273 fundamento

241 1317 346 1358 me
390 1292 702 1357 habuisse
745 1315 864 1378 par
908 1307 1024 1367 est,
1070 1310 1142 1357 ut
1187 1293 1445 1357 illorum
1470 1294 1746 1377 vestigia
1768 1316 1959 1378 quam
1994 1304 2183 1359 artis-

237 1380 405 1444 sime
447 1400 890 1465 persequerer.
937 1400 1067 1462 qua
1109 1379 1192 1444 de
1231 1400 1302 1443 re
1350 1378 1464 1464 qui
1510 1378 1783 1463 singulis
1842 1380 2003 1444 locis
2050 1381 2187 1443 sin-

239 1465 402 1551 gula
458 1464 826 1549 perspicere
895 1466 1200 1549 cupiunt,
1266 1464 1357 1527 eis
1418 1480 1677 1545 praesto
1742 1476 1837 1529 est
1896 1465 2095 1530 editio
2150 1488 2189 1527 a

241 1552 580 1615 Francisco
623 1551 836 1637 Pauly
882 1548 1151 1632 Lipsiae
1211 1573 1270 1613 a.
1320 1552 1483 1615 1855
1527 1561 1776 1633 parata,
1826 1550 2013 1614 cuius
2058 1551 2189 1614 uti-

241 1635 490 1700 lissima
554 1657 753 1716 opera
817 1633 1313 1701 Blandiniorum
1388 1634 1618 1718 copiae
1683 1636 1751 1700 in
1812 1632 2191 1719 Cruquiana

240 1722 572 1805 farragine
601 1720 645 1797 ¹)
692 1720 1146 1785 delitescentes
1202 1721 1453 1805 publici
1513 1722 1729 1787 denuo
1776 1722 1934 1786 iuris
1978 1723 2197 1786 factae

243 1820 402 1870 sunt
449 1803 861 1886 (quibuscum
883 1804 1239 1890 iungantur
1261 1826 1429 1887 quae
1471 1808 1721 1870 monuit
1760 1808 2097 1873 IMuetzell
2122 1806 2191 1869 in

242 1891 502 1955 diurnis
550 1889 856 1957 scholast.
903 1889 986 1954 ab
1032 1892 1176 1975 ipso
1221 1890 1412 1955 editis
1460 1914 1515 1955 a.
1556 1894 1721 1957 1855
1758 1914 1821 1976 p.
1844 1893 2195 1969 850-77).

246 1976 529 2041 accessit
576 1975 749 2061 apud
769 1975 1092 2060 Paulyum
1123 1975 1263 2041 eius
1294 1996 1554 2058 quoque
1596 1977 1743 2040 libri
1791 1976 2101 2051 (Gothani
2130 1981 2199 2057 2)

255 2064 512 2147 integra
535 2063 840 2140 varietas,
887 2062 997 2147 qui
1023 2061 1106 2124 ad
1123 2058 1455 2125 Blandinii
1498 2060 1929 2141 antiquissimi
1974 2085 2193 2125 exem-

298 2146 436 2210 lum
481 2169 650 2210 unus
698 2146 988 2211 omnium
1032 2148 1326 2232 proxime
1372 2146 1623 2211 accedit
1670 2148 1756 2224 (V.
1780 2146 1949 2209 infra
1992 2148 2073 2209 ad
2124 2146 2196 2211 S.

251 2166 310 2308 f,
357 2237 414 2299 6.
464 2233 632 2310 126).
681 2232 761 2295 de
805 2233 1114 2295 universa
1157 2230 1391 2294 horum
1434 2230 1743 2297 librorum
1787 2233 2037 2295 ratione
2080 2255 2195 2296 ex-

249 2316 472 2403 posuit
494 2318 667 2381 idem
691 2318 758 2380 in
777 2315 1289 2398 Quaestionibus
1309 2316 1681 2381 Horatianis
1702 2316 1959 2394 criticis,
1987 2317 2200 2383 Bonn.

309 2567 350 2633 ι)
388 2566 605 2633 Cruquii
642 2568 890 2618 editiones
923 2568 1025 2617 hae
1059 2577 1204 2619 sunt:
1250 2566 1308 2627 Q.
1330 2567 1537 2619 Horatii
1554 2569 1735 2619 Flacci
1763 2569 2037 2619 carminum
2074 2568 2204 2617 liber

385 2635 487 2687 IV
514 2654 578 2686 ex
612 2639 839 2700 antiquis.
875 2636 1007 2686 Mss.
1055 2636 1206 2687 codd.
1246 2655 1349 2687 cum
1384 2638 1733 2687 commentariis
1769 2638 1959 2687 Acroni
1988 2646 2034 2687 et
2066 2638 2198 2686 Por·

381 2706 617 2773 phyrioni
641 2706 922 2770 adscriptis.
1003 2704 1174 2771 Opera
1195 2705 1381 2755 Jacobi
1409 2707 1627 2769 (nequii,
1665 2704 1920 2755 Messenii.
1956 2705 2195 2755 Eiusdem

386 2775 438 2824 in
474 2774 673 2825 eundem
709 2776 1054 2824 annotationes.
1103 2773 1263 2840 Apud
1294 2772 1502 2823 Hubert.
1526 2773 1783 2824 Goltzium.
1800 2772 1958 2839 Bruq.
1980 2772 2194 2824 Flandr.

392 2842 542 2894 1565.
582 2844 614 2893 8
647 2844 759 2907 (qui
804 2846 1008 2907 quidem
1056 2840 1188 2893 liber·
1236 2843 1323 2892 ubi
1374 2854 1628 2892 terrarum
1661 2858 1798 2892 nunc
1831 2845 1991 2892 lateat
2026 2844 2194 2891 adhue

388 2908 700 2973 ignoratur).
751 2936 817 2945 —
873 2908 938 2967 Q.
972 2910 1104 2961 Hor.
1142 2911 1224 2961 Fl.
1261 2910 1475 2975 Epodon
1520 2912 1667 2970 liber,
1717 2911 1807 2961 Ex
1851 2913 2198 2974 antiquissimis

387 2992 566 3043 septem
600 2980 844 3030 codicibus
873 2981 1235 3045 manuscriptis,
1273 2997 1379 3029 cum
1414 2982 1759 3031 commentariis
1795 2982 2006 3043 antiquis
2042 2998 2198 3029 emen-

391 3046 538 3097 datus
576 3059 671 3097 ete.
710 3051 1016 3112 Antverpiae
1052 3066 1114 3099 ex
1159 3050 1291 3112 qffic.
1334 3046 1450 3098 Chr.
1486 3050 1721 3100 Plantini
1755 3048 1904 3100 1567.
1939 3050 1988 3099 8.
2024 3074 2090 3083 —
2134 3048 2199 3107 Q.

388 3115 524 3167 Hor.
557 3116 638 3167 Fl.
663 3114 978 3183 Satyrarum,
1015 3135 1104 3167 seu
1133 3118 1295 3183 potius
1330 3116 1645 3182 Ecloqarum⁹
1684 3116 1800 3167 libri
1830 3116 1911 3167 II.
1946 3116 2037 3167 Ex
2073 3120 2199 3168 anti-

392 3186 547 3248 quiss.
583 3186 804 3235 undecim
839 3185 981 3237 codd.
1019 3203 1134 3236 mss.
1171 3204 1279 3236 cum
1312 3187 1525 3249 antiquis
1562 3187 1909 3236 commentariis
1934 3196 2034 3234 etc.
2072 3188 2196 3235 ibid.

397 3253 549 3304 1573.
587 3256 636 3303 8.
675 3280 741 3291 -
778 3256 1008 3319 sequitur
1040 3254 1246 3316 integra
1280 3254 1435 3304 editio
1470 3270 1513 3305 s.
1540 3265 1579 3303 t.
1609 3254 1670 3313 Q.
1685 3254 1929 3304 Horatius
1963 3254 2201 3313 Flaccus,

394 3321 486 3371 ,Ex
521 3323 866 3387 antiquissimis
901 3323 1122 3374 undecim
1160 3324 1247 3373 lib.
1283 3342 1343 3373 m.
1372 3340 1415 3373 s.
1452 3332 1499 3372 et
1530 3322 1722 3373 schedis
1759 3324 1949 3387 aliquot
1982 3322 2203 3373 emenda-

393 3400 468 3441 tus
493 3402 540 3441 et
553 3392 780 3456 plurimis
816 3394 932 3444 locis
968 3410 1075 3443 cum
1118 3390 1474 3442 Commentariis
1510 3393 1726 3455 antiquis
1762 3402 2061 3458 expuryatus
2099 3406 2207 3440 etc,

395 3459 544 3576 {isid}
567 3458 713 3579 161791
745 3463 815 3579 (iln
863 3464 1003 3513 calce
1039 3460 1210 3523 1578).
1248 3458 1297 3510 4.
1336 3462 1553 3528 repetita
1586 3476 1636 3514 a.
1675 3458 1809 3512 1597
1845 3473 1896 3509 et
1932 3458 2083 3509 1611.
2131 3460 2214 3509 cf.

459 3545 520 3577 ue
547 3545 602 3578 ze
647 3564 661 3581 .
722 3568 732 3583 .
798 3568 806 3577 .
