2459 3959
333 281 420 344 94
1092 291 1509 348 CARMINVM

459 429 648 500 videre
692 444 883 500 Raetis
927 443 1074 498 bella
1119 445 1220 498 sub
1264 445 1501 520 Alpibus

455 531 700 584 Drusum
741 538 1024 602 gerentem
1067 529 1367 600 Vindelici,
1414 530 1641 604 [quibus

543 633 661 672 mos
705 616 854 670 unde
895 617 1162 671 deductus
1206 635 1308 689 per
1349 635 1511 674 omne

336 707 411 756 20
627 710 852 775 tempus
887 701 1194 757 Amazonia
1238 702 1419 758 securi

459 849 683 902 dextras
727 848 994 915 obarmet‚
1039 866 1304 920 quaerere
1349 849 1555 918 distuli,

455 950 556 988 nee
599 933 740 988 seire
784 933 866 988 fas
911 941 998 988 est
1041 934 1252 1000 omnia;
1299 932 1424 1002 sed]
1470 945 1519 990 et
1560 934 1655 990 diu

543 1018 766 1090 lateque
809 1018 1060 1074 victrices
1104 1027 1358 1075 catervae

628 1103 868 1160 consiliis
911 1103 1123 1160 iuvenis
1165 1103 1409 1162 revictae

337 1255 410 1302 25
459 1265 700 1319 sensere,
747 1248 881 1322 quid
924 1267 1077 1304 mens
1121 1249 1246 1317 rite,
1291 1251 1425 1323 quid
1468 1250 1681 1308 indoles

455 1334 663 1388 nutrita
704 1335 897 1390 faustis
942 1336 1044 1390 sub
1089 1335 1461 1408 penetralibus

540 1427 749 1492 posset,
795 1421 928 1494 quid
969 1421 1214 1492 Augusti
1256 1431 1518 1493 paternus

623 1507 682 1561 in
724 1524 926 1579 pueros
969 1507 1180 1562 animus
1223 1506 1486 1562 Neronis.

453 1654 624 1708 fortes
667 1660 924 1708 creantur
963 1653 1199 1708 fortibus
1244 1661 1303 1707 et
1343 1652 1530 1721 bonis;

334 1746 409 1794 30
455 1748 539 1794 est
582 1738 640 1792 in
681 1737 947 1806 iuvencis,
992 1746 1078 1793 est
1119 1739 1176 1792 in
1221 1738 1380 1811 equis
1424 1748 1641 1811 patrum

540 1823 735 1891 virtus,
781 1841 964 1895 neque
1007 1823 1267 1879 inbellem
1311 1825 1521 1880 feroces

622 1915 994 1982 progenerant
1035 1909 1253 1982 aquilae
1299 1911 1631 1966 columbam:

457 2057 710 2111 doctrina
751 2057 847 2111 sed
892 2055 1000 2111 vim
1042 2063 1331 2128 promovet
1372 2055 1611 2124 insitam,

453 2142 701 2213 rectique
746 2141 924 2196 cultus
968 2150 1195 2215 pectora
1238 2143 1533 2210 roborant3

331 2233 404 2281 85
538 2235 816 2299 utcunque
863 2227 1115 2287 defecere
1159 2245 1360 2294 mores,

625 2313 963 2368 dedecorant
1005 2314 1149 2369 bene
1192 2321 1323 2368 nata
1366 2313 1577 2386 eulpae.

455 2461 588 2532 quid
632 2460 853 2527 debeas,
901 2478 934 2514 ο
977 2461 1173 2529 Roma,
1219 2459 1560 2529 Neronibus,

453 2545 614 2601 testis
657 2546 973 2601 Metaurum
1017 2548 1219 2600 flumen
1266 2553 1323 2600 et
1366 2546 1680 2601 Hasdrubal

537 2630 788 2688 devictus
833 2638 892 2686 et
933 2631 1164 2704 pulcher
1205 2631 1412 2703 fugatis

329 2723 405 2772 40
622 2715 717 2772 ille
761 2715 879 2772 dies
921 2716 1084 2772 Latio
1128 2717 1392 2785 tenebriS,

457 2863 551 2936 qui
595 2863 803 2936 primus
848 2863 992 2918 alma
1034 2863 1157 2918 risit
1201 2863 1423 2931 adorea,

453 2948 604 3004 dirus
647 2967 749 3022 per
791 2949 943 3005 urbis
986 2949 1124 3005 Afer
1165 2957 1228 3004 ut
1270 2949 1441 3004 Italas

535 3051 638 3089 eeu
680 3036 902 3090 flamma
945 3053 1045 3107 per
1086 3037 1279 3090 taedas
1323 3036 1412 3089 vel
1457 3051 1621 3089 eurus

622 3137 724 3192 per
766 3116 984 3177 Siculas
1029 3120 1301 3193 equitavit
1342 3122 1539 3176 undas.

329 3271 420 3336 45,
450 3271 577 3336 post
619 3265 726 3320 hoo
769 3267 1025 3322 secundis
1070 3284 1245 3339 usque
1289 3265 1571 3322 laboribus

449 3351 698 3406 Romana
740 3353 914 3424 pubes
959 3353 1152 3421 erevit,
1195 3360 1254 3407 et
1296 3351 1449 3424 inpio

535 3441 748 3490 vast-ata
789 3437 1102 3493 Poenorum
1143 3439 1384 3494 tumultu

618 3521 746 3577 fana
789 3523 922 3578 deos
968 3524 1210 3581 habuere
1254 3531 1455 3591 rectos,
