2459 3959
930 327 1161 382 LIBER
1204 327 1283 381 11.
1334 334 1379 382 3·
2001 307 2135 386 1'819

263 519 272 528 -
339 481 587 536 insanire
630 487 790 552 paret
838 487 992 533 certa
1033 481 1253 534 ratione
1298 472 1611 552 modoque.'

338 566 516 638 quid?
562 583 688 622 cum
730 563 950 618 Picenis
995 583 1302 637 excerpens
1348 567 1561 621 semina
1604 567 1783 636 pomis

349 653 586 722 gaudes,
632 650 680 704 si
723 667 992 704 cameram
1036 652 1287 722 percusti
1330 652 1493 716 forte,
1542 669 1713 723 penes
1760 663 1817 707 te
1862 655 1966 709 es?

345 736 522 809 quid?
566 753 690 790 cum
733 735 901 788 balba.
943 735 1076 790 feris
1119 753 1331 791 annoso
1374 738 1545 791 verba
1591 737 1796 807 palate,

157 829 294 878 2⁷5
347 821 678 876 aedificante
725 837 880 874 casas
926 820 1022 892 qui
1066 821 1293 877 sanior?
1338 823 1481 875 adde
1528 839 1776 877 cruorem
1865 816 1874 827 “

344 907 638 974 stultitiae,
685 915 852 976 atque
898 905 1082 976 ignem
1107 906 1295 978 gladio
1327 915 1575 962 scrutare
1620 909 1807 977 modo,
1853 910 1911 964 in
1957 928 2127 982 quem

346 990 590 1047 Hellade
629 1007 897 1062 percussa
938 991 1152 1045 Marius
1199 1008 1323 1045 cum
1364 992 1699 1064 praecipitat
1744 1011 1822 1060 se,

349 1076 590 1131 cerritus
633 1077 782 1130 fuit?
829 1094 898 1129 an
943 1087 1235 1130 conmotae
1278 1077 1505 1132 crimine
1551 1077 1753 1130 mentis

349 1163 606 1217 absolves
649 1160 928 1215 hominem
973 1171 1030 1215 et
1074 1161 1298 1216 sceleris
1346 1161 1631 1216 damnabis
1678 1165 1939 1234 eundem,

169 1255 300 1305 280
351 1266 424 1302 ex
469 1265 620 1300 mone
661 1247 936 1317 inponens
983 1255 1218 1317 cognata
1264 1248 1537 1301 vocabula
1582 1248 1791 1302 rebus?

352 1333 645 1387 libertinus
690 1339 826 1397 erat,
873 1331 968 1402 qui
1013 1331 1216 1385 circum
1262 1331 1503 1403 compita
1547 1331 1720 1386 siccus

325 1417 522 1472 -lautis
567 1434 727 1470 mane
773 1435 947 1470 senex
991 1417 1241 1470 manibus
1289 1419 1547 1472 currebat
1588 1425 1645 1471 et
1691 1417 1881 1472 ‘unum

350 1526 442 1541 ··—-
484 1501 620 1574 quid
663 1510 774 1556 tam
817 1502 1134 1574 magnum?
1177 1503 1388 1556 addens
1434 1530 1519 1541 —
1562 1499 1747 1556 ‘unum
1791 1521 1880 1558 me
1917 1504 2129 1577 surpite

1803 1589 1998 1644 morti:

356 1673 444 1727 dis
488 1672 692 1726 etenim
739 1671 900 1727 facile
943 1671 1048 1726 est’
1091 1671 1317 1739 orabat3
1363 1689 1527 1726 sanus
1570 1671 1821 1745 utrisque

175 1766 305 1816 285
357 1757 586 1812 auribus
631 1767 800 1828 atque
845 1757 1052 1811 oculis:
1096 1766 1357 1824 mentem,
1404 1756 1513 1811 nisi
1556 1757 1851 1830 litigiosus,

357 1842 642 1914 exciperet
685 1841 958 1908 dominus,
1003 1859 1128 1896 cum
1171 1843 1459 1898 venderet.
1520 1843 1624 1897 hoc
1667 1861 1887 1916 quoque
1930 1844 2131 1916 volgus

363 1927 704 2000 Chrysippus
747 1926 907 1998 ponit
948 1927 1184 1981 fecunda
1224 1927 1281 1980 in
1326 1937 1491 1999 gente
1536 1928 1780 1983 Meneni.

365 2011 654 2085 ‘Iuppiter,
699 2012 940 2084 ingentis
986 2011 1082 2083 qui
1128 2015 1226 2068 das
1270 2013 1577 2085 adimisque
1622 2014 1881 2081 dolores,’

359 2108 538 2152 mater
580 2098 658 2152 ait
697 2097 860 2170 pueri
901 2097 1104 2152 mensis
1149 2097 1259 2153 iam
1303 2098 1547 2170 quinque
1592 2098 1860 2166 cubantis,

184 2191 311 2240 290
364 2183 588 2255 ‘frigida
631 2183 680 2237 si
721 2200 954 2255 puerum
999 2191 1269 2254 quartana
1312 2183 1616 2255 reliquerit,
1662 2183 1758 2238 illo

362 2286 525 2323 mane
571 2268 679 2334 die,
725 2285 836 2340 quo
881 2275 943 2321 tu
986 2267 1180 2322 indicis
1225 2268 1451 2342 ieiunia,
1500 2270 1679 2323 nudus

370 2354 430 2408 in
474 2354 669 2409 Tiberi
714 2352 916 2408 stabit!
961 2370 1118 2407 casus
1164 2353 1480 2408 medicusve
1526 2353 1723 2408 levarit

367 2457 594 2511 aegrum
642 2457 713 2492 ex
755 2436 1084 2510 praecipiti:
1130 2448 1308 2492 mater
1350 2439 1525 2492 delira
1567 2438 1787 2494 necabit

365 2523 426 2578 in
469 2525 656 2598 gelide
697 2524 870 2578 fixum
911 2522 1050 2594 ripa,
1097 2524 1407 2596 febrimque
1450 2525 1698 2578 reducet.

194 2616 321 2666 295
373 2628 558 2682 quone
603 2610 748 2664 malo
792 2618 1032 2662 mentem
1077 2609 1385 2664 concussa?
1427 2608 1627 2663 timore
1672 2610 1953 2664 deorum.”

370 2696 507 2750 haec
554 2695 688 2750 mihi
734 2693 1054 2761 Stertinius,
1102 2694 1411 2766 sapientum
1457 2703 1701 2760 oet-avus,
1746 2694 1925 2749 amico

374 2798 527 2834 arma
565 2779 744 2844 dedit,
788 2781 1019 2850 posthac
1063 2799 1132 2834 ne
1177 2780 1518 2851 conpellarer
1561 2779 1787 2833 inultus.

373 2865 579 2920 dixerit
621 2865 872 2920 insanum
916 2864 1010 2935 qui
1056 2883 1158 2932 me,
1203 2866 1439 2919 totidem
1482 2863 1673 2920 audiet
1715 2874 1881 2936 atque

371 2951 650 3022 respicere
693 2952 884 3021 ignoto
929 2949 1106 3004 discet
1151 2950 1451 3022 pendentia
1492 2949 1688 3020 tergo?

200 3041 326 3092 800
372 3037 566 3106 stoice,
609 3044 736 3109 post
779 3038 1038 3089 damnum
1083 3035 1163 3091 sic
1204 3037 1413 3090 vendas
1457 3034 1642 3088 omnin
1683 3032 1876 3104 pluris,

282 3167 288 3176 .
373 3139 541 3193 quam
585 3140 674 3176 me
719 3119 1028 3188 stultitiam,
1073 3123 1333 3195 quoniam
1377 3137 1487 3174 non
1532 3129 1618 3174 est
1660 3136 1835 3190 genus
1880 3135 2070 3188 unum,

381 3207 622 3262 insanire
667 3207 875 3280 putas?
919 3223 1024 3277 ego
1069 3225 1195 3261 nam
1242 3205 1437 3259 videor
1478 3203 1608 3258 mihi
1654 3221 1836 3258 sanus.

379 3291 577 3367 ‘quid⁴?
620 3303 786 3364 caput
829 3291 1129 3347 abscissum
1173 3289 1423 3346 manibus
1469 3306 1592 3343 cum
1635 3295 1821 3362 portet
1862 3287 2061 3360 Agaue

377 3378 532 3451 gnati
576 3375 834 3443 infelicis,
880 3376 986 3430 sibi
1031 3386 1148 3432 tum
1190 3376 1397 3431 furiosa
1442 3375 1721 3429 videtur?

207 3468 332 3521 ³05
383 3465 615 3520 stultum
661 3482 748 3519 me
792 3463 972 3516 fateor
1015 3489 1100 3500 -——
1143 3463 1309 3518 liceat
1353 3461 1658 3516 concedere
1701 3459 1845 3538 vetis
1888 3481 1977 3498 --
