2459 3959
309 297 434 360 ιω
1095 292 1439 374 ,ΕΡοΒοΝ

1205 470 1357 525 XVI

434 625 633 680 Altera
675 623 784 677 iam
814 621 1018 677 teritur
1061 622 1225 676 bellis
1272 622 1529 678 civilibus
1576 633 1755 693 aetas,

527 710 640 764 suis
685 717 742 762 et
785 707 906 779 ipsa
947 707 1126 761 Roma
1169 705 1385 762 viribus
1434 710 1562 764 ruit.

439 813 605 869 quam
649 811 830 864 neque
875 791 1097 854 finitimi
1141 792 1439 848 valuerunt
1485 796 1725 868 perdere
1772 797 1947 852 Marsi

520 878 748 933 minacis
795 884 890 932 aut
932 878 1170 932 Etrusca
1212 878 1499 936 Porsenae
1544 898 1743 935 manus

355 975 385 1023 5
437 964 650 1022 aemula
693 980 796 1018 nec
834 963 1011 1016 virtus
1058 963 1300 1035 Capuae,
1348 983 1451 1020 nec
1502 967 1811 1038 Spartacus
1858 985 1993 1023 acer

524 1049 796 1122 novisque
840 1050 1008 1104 rebus
1038 1048 1279 1103 infidelis
1328 1050 1627 1120 Allobrox,

439 1154 540 1193 nec
582 1137 700 1191 fera
743 1135 995 1190 caerulea
1039 1133 1255 1188 domuit
1304 1135 1611 1192 Germania
1654 1138 1806 1210 pube

397 1224 399 1226 ’
526 1220 965 1294 parentibusque
1010 1217 1361 1275 abominatus
1406 1221 1725 1278 Hannibal:

441 1307 596 1380 inpia
636 1307 934 1379 perdemus
981 1305 1169 1360 devoti
1215 1307 1505 1379 sanguinis
1551 1317 1731 1376 aetas,

325 1398 400 1450 10
533 1392 778 1465 ferisque
821 1409 1011 1446 rursus
1058 1393 1420 1463 occupabitur
1464 1394 1665 1448 solum.

443 1479 712 1534 barbarus
756 1478 866 1532 heu
909 1476 1122 1532 cineres
1165 1476 1391 1534 insistet
1435 1479 1619 1534 victor
1666 1487 1725 1534 et
1769 1483 1966 1536 urbem

529 1581 700 1636 eques
747 1569 980 1617 sonante
1022 1562 1347 1618 verberabit
1388 1565 1619 1635 ungula,

445 1666 700 1724 quaeque
745 1656 936 1704 carent
977 1646 1160 1701 ventis
1205 1656 1265 1702 et
1308 1647 1517 1704 solibus
1564 1667 1693 1707 ossa
1738 1650 1988 1723 Quirini,

534 1735 690 1789 nefas
735 1733 948 1802 videre,
998 1730 1291 1802 dissipabit
1337 1733 1608 1792 insolens.

327 1830 400 1880 15
447 1822 590 1876 forte
617 1846 697 1856 —
731 1819 882 1890 quod
925 1816 1192 1888 expediat
1221 1849 1301 1859 —
1328 1821 1717 1887 communiter,
1762 1830 1863 1876 aut
1906 1822 2110 1878 melior
2152 1843 2287 1896 pars

531 1903 687 1958 malis
733 1921 920 1958 carere
964 1901 1232 1975 quaeritis
1276 1904 1607 1960 laboribus?

448 1990 599 2047 nulla
643 1989 716 2044 sit
759 1989 862 2044 hac
905 1988 1090 2060 potior
1135 1990 1433 2058 sententia,
1483 1990 1870 2048 Phocaeorum

534 2075 688 2130 velut
732 2074 978 2147 profugit
1021 2083 1281 2128 execrata
1324 2075 1521 2132 civitas

453 2178 615 2236 agros
661 2167 830 2232 atque
873 2159 1002 2217 laris
1047 2159 1277 2231 patrios,
1325 2162 1743 2235 habitandaque
1788 2164 1919 2218 fana

336 2257 411 2306 20
544 2245 693 2318 apris
737 2244 965 2316 reliquit
1009 2253 1066 2299 et
1107 2246 1403 2317 rapacibus
1446 2247 1619 2319 lupis,

459 2333 542 2388 ire
583 2333 758 2404 pedes
803 2347 1138 2404 quocunque
1181 2331 1383 2398 ferent,
1432 2351 1771 2406 quocunque
1813 2353 1917 2406 per
1960 2337 2141 2391 undas

541 2425 706 2473 notus
751 2417 973 2472 vocabit
1017 2426 1114 2471 aut
1156 2425 1452 2489 protervus
1496 2419 1743 2474 Africus.

458 2504 538 2561 sic
580 2504 778 2576 placet,
825 2521 895 2557 an
939 2503 1138 2560 melius
1183 2503 1309 2575 quis
1354 2504 1523 2558 habet
1566 2506 1805 2560 suadere
1826 2506 1852 2558 ?
1900 2509 2146 2562 secunda

537 2597 713 2644 ratem
758 2605 1028 2660 occupare
1071 2588 1206 2662 quid
1252 2607 1530 2644 moramur
1572 2590 1745 2645 alite?

332 2681 406 2732 25
455 2678 554 2734 sed
596 2675 838 2730 iuremus
882 2675 942 2738 in
983 2675 1154 2732 haee:
1173 2703 1178 2732 :
1199 2674 1367 2732 simul
1406 2674 1532 2730 imis
1577 2693 1711 2730 saxa
1750 2677 2007 2738 renarint

539 2761 697 2817 vadis
743 2761 946 2830 levata,
995 2778 1065 2814 ne
1107 2760 1294 2816 redire
1339 2761 1413 2816 sit
1454 2763 1637 2830 neia83

455 2867 566 2906 neu
609 2864 873 2903 conversa
914 2847 1138 2909 domum
1167 2846 1375 2918 ‚pigeat
1414 2847 1550 2902 dare
1594 2847 1787 2916 lintea,
1832 2849 2062 2921 quando

541 2935 726 2992 Padus
770 2932 990 2988 Matina
1030 2931 1232 2988 laverit
1277 2932 1583 3001 cacumina,

459 3023 516 3078 in
560 3038 711 3076 mare
757 3037 855 3074 seu
899 3018 1077 3074 celsus
1123 3017 1469 3091 procurrerit
1513 3018 1865 3090 Apenninus,

340 3112 416 3164 30
548 3123 800 3178 novaque
843 3111 1092 3160 monstra
1132 3104 1380 3159 iunxerit
1424 3103 1657 3159 libidine

460 3195 630 3249 mirus
674 3209 844 3258 amor,
889 3189 1044 3246 iuvet
1086 3197 1151 3243 ut
1193 3189 1355 3263 tigris
1399 3189 1694 3246 subsidere
1722 3191 1925 3267 cervis,

549 3277 894 3333 adulteretur
937 3284 996 3330 et
1040 3276 1299 3332 columba
1342 3274 1541 3344 miluo,

465 3363 690 3419 credula
733 3379 837 3416 nec
878 3362 1050 3416 flavos
1091 3361 1326 3418 timeant
1372 3369 1621 3416 armenta
1664 3360 1878 3432 leones,

552 3455 808 3518 ametque
851 3445 996 3501 salsa
1038 3445 1178 3503 levis
1221 3447 1411 3504 hircus
1456 3463 1715 3519 aequora.

813 3538 842 3596 C
