2459 3959
345 275 436 344 εὶ
1111 283 1533 344 cAmuva

1189 465 1457 525 XXVIII

471 617 642 674 Festo
687 615 822 689 quid
865 607 1184 687 potius'die

555 701 805 775 Neptuni
847 700 1082 756 faciam?
1127 718 1315 772 prome
1359 697 1703 754 reconditum

467 787 623 861 Lyde
668 797 891 842 strenua
935 786 1266 853 Caecubum,

552 875 907 946 munitaeque
951 873 1149 926 adhibe
1193 871 1305 926 vim
1348 869 1672 942 sapientiae.

388 1009 420 1060 5
467 1002 730 1059 inclinare
774 999 1058 1057 meridiem

552 1087 742 1152 sentis,
787 1105 852 1141 ac
894 1086 1064 1142 veluti
1109 1092 1219 1140 stet
1262 1083 1503 1140 volucris
1547 1083 1665 1139 dies

465 1174 648 1248 parcis
693 1172 946 1245 deripere
992 1173 1191 1226 horreo

557 1267 864 1315 cessantem
905 1257 1096 1313 Bibuli
1142 1255 1385 1313 consulis
1429 1256 1768 1329 amphoram.

467 1406 570 1444 nos
617 1387 956 1442 cantabimus
1000 1387 1055 1441 in
1101 1387 1249 1443 vices

343 1479 418 1530 10
549 1475 876 1547 Neptunum
922 1481 980 1528 et
1020 1472 1213 1528 viridis
1257 1471 1562 1527 Nereidum
1607 1488 1825 1526 comas:

460 1565 582 1615 tum
625 1577 796 1614 curva
836 1559 1050 1614 recines
1097 1558 1215 1630 lyra

545 1645 815 1700 Latonam
859 1652 916 1699 et
959 1643 1148 1700 celeris
1195 1643 1407 1715 spicula
1453 1642 1761 1716 Cynthiae3

463 1792 674 1829 summo
719 1771 982 1841 carmine,
1029 1789 1170 1845 quae
1217 1771 1437 1826 Cnidon

543 1858 918 1932 fulgentisque
961 1865 1114 1912 tenet
1157 1858 1424 1928 Cycladas
1470 1865 1528 1912 et
1570 1855 1821 1928 Paphum

336 1953 407 2003 15
457 1944 657 2000 iunctis
688 1945 832 2001 -visit
875 1944 1120 2000 oloribus

544 2031 795 2100 dicetur-3
839 2029 1040 2086 merita
1081 2029 1212 2084 Nox
1258 2045 1481 2100 quoque
1524 2026 1704 2082 nenia.

1192 2345 1403 2400 XXIX

452 2492 744 2565 Tyrrhena
785 2510 976 2564 regum
1019 2491 1333 2564 progenies,
1379 2490 1481 2546 tibi

450 2598 566 2635 non
609 2587 738 2634 ante
780 2596 942 2634 verso
986 2577 1112 2632 lene
1156 2595 1371 2632 merum
1416 2578 1555 2632 cado

534 2683 658 2721 cum
701 2667 859 2733 flore,
906 2664 1219 2730 Maecenas,
1263 2680 1512 2716 rosarum
1556 2669 1613 2718 et

619 2769 810 2825 pressa
851 2749 961 2804 tuis
1006 2748 1237 2803 balanus
1281 2747 1489 2820 capillis

364 2887 400 2938 ὅ
445 2880 748 2936 iandudum
792 2879 940 2950 apud
982 2896 1070 2932 me
1117 2885 1220 2932 est.
1267 2877 1419 2950 eripe
1463 2885 1520 2931 te
1564 2894 1770 2933 morae.

445 2967 539 3022 hio
581 2984 801 3037 semper
843 2966 1012 3018 udum
1057 2961 1236 3016 Tibur
1279 2971 1335 3017 et
1376 2963 1618 3018 Aesulae

530 3050 742 3107 declive
787 3047 1174 3120 contempleris
1217 3065 1409 3102 arvum
1454 3056 1511 3103 et

614 3135 884 3208 Telegoni
924 3134 1054 3206 iuga
1096 3133 1422 3207 parricidae.
1502 3160 1508 3168 ·

441 3263 786 3321 fastidiosam
830 3264 1026 3318 desere
1068 3260 1282 3333 copiam
1326 3269 1381 3318 et

321 3356 396 3406 10
442 3351 642 3406 molem
683 3348 1051 3421 propinquam
1094 3347 1331 3402 nubibus
1376 3345 1595 3401 arduis:

526 3435 720 3490 omitte
763 3433 950 3488 mirari
992 3435 1190 3487 beatae

607 3519 818 3575 fumum
861 3526 920 3574 et
961 3536 1094 3592 opes
1137 3517 1539 3591 strepitumque
1582 3514 1807 3588 Romae.
