2459 3959
992 314 1226 371 LIBER
1268 315 1347 371 11.
1398 320 1559 370 2—3
2133 309 2264 370 1⁶58

483 469 584 524 sed
628 469 780 540 pullo
825 474 994 539 atque
1039 470 1241 526 haedo,
1327 478 1446 524 tum
1490 468 1721 540 pensilis
1766 487 1873 523 uva
1916 471 2187 524 secundas

483 561 543 609 et
585 573 701 608 nux
744 555 980 608 ornabat
1021 573 1239 611 mensas
1284 573 1409 610 cum
1453 554 1675 627 duplice
1718 554 1847 610 ficu.

481 649 610 712 post
654 639 758 694 hoc
800 640 966 694 ludus
1012 651 1131 695 erat
1177 641 1340 712 culpa
1381 649 1577 712 potare
1621 639 1918 710 magistra3

483 742 546 778 ac
591 733 857 779 venerata
902 725 1091 792 Ceres,
1135 725 1215 780 ita
1258 727 1442 780 culmo
1486 734 1741 797 surgeret
1786 726 1925 795 altu,

305 813 433 863 125
485 809 754 882 explicuit
796 809 928 864 vino
975 819 1293 865 contractae
1338 811 1483 864 seria
1524 810 1745 866 frontis·

482 895 694 949 saeviat
734 901 902 966 atque
944 913 1118 951 novos
1165 905 1386 951 moveat
1428 897 1675 953 Fortuna
1718 896 2019 964 tumultus3

481 990 748 1051 quantum
777 979 908 1034 hinc
928 981 1200 1036 inminuet
1217 981 1244 1034 ⁸?
1290 990 1497 1054 quanto
1521 989 1619 1036 aut
1641 1000 1745 1053 ego
1767 981 1987 1052 parcius
2016 989 2113 1036 aut
2136 999 2263 1049 voe,

478 1083 513 1118 o
558 1067 739 1137 pueri,
785 1065 1052 1133 nituistis‚
1100 1075 1162 1121 ut
1205 1068 1315 1121 huc
1358 1085 1533 1122 novus
1577 1067 1763 1120 incola
1804 1066 1996 1120 venit?

476 1169 604 1203 nam
648 1149 907 1223 propriae
951 1152 1168 1206 telluris
1213 1171 1367 1206 erum
1410 1163 1608 1207 natura
1650 1169 1833 1223 neque
1876 1151 2035 1206 illum

303 1240 429 1288 130
477 1255 580 1289 nec
623 1255 712 1290 me
757 1253 860 1290 nec
902 1255 1235 1310 quemquam
1279 1238 1503 1292 statuit:
1548 1256 1648 1292 nos
1694 1237 1910 1308 expulit
1952 1237 2090 1304 ille;

478 1319 634 1374 illum
677 1331 774 1375 aut
818 1322 1092 1394 nequities
1138 1333 1235 1377 aut
1280 1323 1420 1377 vafri
1464 1323 1685 1378 inscitia
1728 1321 1887 1391 iuriS,

474 1414 821 1477 postremum
868 1409 1112 1479 expellet
1155 1417 1306 1463 certe
1350 1407 1597 1463 vivacior
1638 1409 1815 1462 heres.

473 1509 623 1546 nunc
665 1511 800 1565 ager
841 1493 1116 1549 Vmbreni
1158 1495 1263 1548 sub
1306 1493 1548 1560 nomine,
1593 1511 1771 1564 nuper
1816 1491 1992 1547 Ofelli

473 1577 673 1644 dictus,
720 1577 830 1632 erit
870 1579 1013 1633 nulli
1058 1579 1334 1650 proprius,
1382 1580 1481 1633 sed
1525 1580 1685 1633 cedet
1727 1577 1783 1631 in
1828 1596 1993 1632 usum

305 1665 424 1716 135
475 1679 624 1716 nunc
667 1663 824 1727 mihi,
874 1683 1022 1718 nune
1065 1665 1176 1718 alii.
1222 1665 1485 1736 quocirca
1527 1663 1697 1718 vivite
1740 1663 1939 1733 fortes,

469 1747 744 1820 fortiaque
789 1749 1037 1805 adversis
1083 1750 1349 1822 opponite
1392 1757 1619 1820 pectora
1663 1750 1851 1804 rebus.

1228 2031 1321 2084 111

425 2171 514 2228 ‘Si
559 2191 686 2228 raro
731 2175 950 2242 scribis,
997 2185 1059 2230 tu
1105 2183 1166 2230 ut
1207 2184 1327 2231 toto
1369 2194 1480 2231 non
1526 2184 1722 2248 quater
1764 2191 1909 2228 anno

425 2261 800 2314 membranam
845 2278 1062 2333 poscas,
1109 2261 1442 2332 scriptorum
1486 2279 1741 2334 quaeque
1782 2267 2075 2328 retexens,

423 2345 599 2399 iratus
643 2345 750 2400 tibi
793 2349 942 2419 quod
988 2346 1102 2402 vini
1137 2346 1431 2418 somnique
1475 2348 1753 2419 benignus

422 2430 504 2484 nil
551 2429 783 2504 dignum
827 2449 1078 2486 sermone
1121 2449 1305 2498 canas,
1352 2431 1487 2504 quid
1530 2433 1665 2488 fiet?
1709 2440 1767 2487 at
1810 2431 1947 2502 ipsis

340 2519 375 2568 δ
426 2515 814 2571 Saturnalibus
858 2518 967 2572 huc
1009 2516 1204 2590 fugisti
1248 2518 1487 2572 sobrius.
1534 2536 1669 2591 ergo

421 2602 517 2656 dic
560 2600 774 2673 aliquid
819 2602 1050 2674 dignum
1093 2602 1405 2674 promissis.
1451 2603 1658 2678 incipe.
1703 2602 1785 2656 nil
1830 2611 1938 2659 est·

424 2687 723 2758 culpantur
765 2688 973 2742 frustra
1019 2687 1232 2754 calami,
1284 2688 1687 2762 inmeritusque
1731 2689 1951 2744 laborat

428 2771 586 2826 iratis
631 2779 795 2827 natus
839 2773 1022 2845 paries
1066 2773 1154 2827 dis
1199 2781 1369 2846 atque
1411 2776 1614 2847 poetis·

422 2857 578 2930 atqui
623 2858 808 2913 voltus
851 2867 973 2914 erat
1015 2859 1192 2913 multa
1234 2869 1293 2913 et
1335 2861 1619 2931 praeclara
1662 2857 1946 2929 minantis,

298 2947 375 2996 10
425 2943 474 2997 si
521 2959 758 2997 vacuum
801 2943 998 3016 tepido
1041 2943 1282 3017 cepisset
1322 2945 1516 3000 villula
1558 2954 1733 3000 tecto.

419 3045 686 3100 quorsum
730 3030 1003 3102 pertinuit
1046 3030 1251 3103 stipare
1296 3029 1535 3085 Platona
1577 3030 1933 3086 Menandro?

416 3113 690 3187 Eupolin,
735 3115 1156 3181 Archilochum,
1203 3115 1433 3170 comites
1480 3118 1718 3171 educere
1761 3116 2000 3172 tantos?

417 3198 686 3254 invidiam
731 3201 953 3272 placare
995 3219 1159 3274 paras
1205 3201 1411 3256 virtute
1453 3201 1693 3256 relicta?

417 3293 802 3355 contemnere,
851 3285 1036 3340 miser.
1084 3287 1311 3342 vitanda
1354 3295 1440 3342 est
1481 3287 1721 3360 inproba
1764 3285 1926 3344 Siren

290 3377 362 3426 15
421 3370 653 3438 desidia,
701 3380 798 3426 aut
842 3371 1116 3444 quidquid
1159 3372 1275 3427 vita
1324 3373 1555 3428 meliore
1598 3373 1807 3445 parasti

413 3458 736 3528 ponendum
777 3473 962 3538 aequo
1006 3450 1229 3514 anim0.'
1273 3457 1331 3512 di
1375 3467 1453 3528 te,
1498 3459 1860 3531 Damasippe,
1906 3463 2167 3534 deaeque·

407 3559 603 3597 verum
649 3543 721 3597 ob
765 3542 1054 3597 consilium
1100 3545 1312 3598 donent
1356 3552 1603 3602 tonsore.
1647 3547 1747 3600 scd
1795 3547 1943 3602 unde
