2459 3959
294 269 424 330 1⁰2
1042 273 1499 329 SATIRARVM

233 495 242 512 x
294 424 412 482 vn
433 424 765 481 ‘Iandudum
809 425 1062 482 ausculto
1108 434 1166 481 et
1209 426 1441 499 cupiens
1484 425 1589 480 tibi
1632 427 1815 482 dicere
1862 435 2054 483 servus

342 773 374 821 δ

299 1200 374 1250 10

296 1626 368 1675 15

294 2053 372 2102 20

291 2477 368 2527 25

289 2902 365 2952 30

289 3329 364 3378 85

422 529 600 585 pauca
640 511 980 567 reformido'
1022 511 1330 566 Davusne?
1378 511 1493 578 ‘ita‚
1538 511 1750 580 Davus,
1794 513 2033 568 amicum

424 597 761 668 mancipium
805 596 1030 651 domino
1076 604 1134 651 et
1175 597 1324 668 frugi
1370 599 1519 669 quod
1564 596 1639 652 sit
1680 597 1836 666 satis,
1882 599 1989 653 hoc
2035 607 2143 666 est,

425 693 488 737 ut
530 682 701 737 vitale
747 678 950 752 putes!
995 700 1120 754 age,
1168 682 1428 737 libertate
1472 681 1771 748 decembri,

425 771 646 840 quando
690 767 769 820 ita
811 766 1045 821 maiores
1090 769 1403 834 voluerunt,
1448 775 1628 835 utere,
1674 787 1860 824 narra.

428 850 580 926 ‘pars
625 852 911 907 hominum
954 852 1105 907 vitiis
1151 855 1361 924 gaudet
1402 861 1723 908 constanter
1766 863 1825 908 et
1866 861 2070 923 urguet

419 938 780 1011 propositum,
826 955 954 1008 pars
999 939 1176 992 multa
1218 947 1392 1001 natat,
1438 939 1603 992 modo
1647 948 1800 993 recta
1844 956 2162 1010 capessens,

420 1023 703 1078 interdum
750 1022 935 1096 pravis
981 1022 1241 1077 obnoxia.
1288 1040 1453 1094 saepe
1498 1032 1721 1078 notatus

420 1126 546 1165 cum
590 1109 770 1163 tribus
805 1108 1020 1171 anellis,
1065 1110 1231 1162 modo
1277 1108 1435 1163 laeva
1476 1107 1697 1162 Priscus
1745 1109 1915 1176 inani,

423 1195 566 1248 vixit
609 1193 933 1264 inaequalis,
981 1195 1194 1248 clavum
1240 1202 1304 1247 ut
1345 1202 1585 1248 mutaret
1630 1194 1683 1247 in
1729 1195 1909 1261 horas,

421 1280 652 1336 aedibus
697 1297 770 1332 ex
814 1280 1027 1350 magnis
1073 1280 1258 1333 subito
1302 1297 1359 1332 se
1407 1281 1691 1346 conderet,
1738 1282 1886 1333 uude

418 1365 679 1420 mundior
722 1363 900 1418 exiret
941 1365 1037 1418 vix
1078 1363 1372 1418 libertinus
1416 1365 1667 1431 honeste,

417 1451 528 1505 iam
573 1449 834 1504 moechus
877 1449 1110 1518 Romae,
1157 1449 1264 1502 iam
1309 1448 1502 1504 mallet
1544 1451 1739 1504 doctus
1782 1449 2019 1504 Athenis

417 1536 626 1603 vivere,
673 1534 994 1589 Vertumnis
1040 1545 1315 1606 quotquot
1360 1543 1489 1588 sunt
1530 1543 1693 1589 natus
1738 1533 1964 1606 iniquis.

420 1639 608 1676 scurra
640 1619 989 1686 Volanerius‚
1035 1630 1332 1692 postquam
1374 1619 1457 1673 illi
1501 1619 1648 1674 iusta
1691 1621 1959 1690 cheragra

422 1706 676 1761 contudit
719 1703 1007 1772 articulos,
1054 1705 1149 1777 qui
1193 1723 1296 1776 pro
1341 1723 1399 1760 se
1442 1705 1669 1760 tolleret
1712 1713 1880 1776 atque

417 1793 669 1847 mitteret
710 1790 768 1844 in
811 1791 1056 1862 phimum
1100 1790 1262 1858 taloS‚
1310 1792 1566 1844 mercede
1610 1790 1805 1843 diurna

421 1878 752 1932 conductum
793 1876 982 1946 'pavit;
1030 1884 1239 1947 quanto
1284 1875 1626 1929 constantior
1667 1875 1846 1929 isdem

415 1962 471 2016 in
517 1961 685 2027 vitiis,
730 1969 886 2015 tanto
932 1961 1104 2015 levius
1149 1960 1317 2014 miser
1360 1978 1423 2015 ac
1466 1961 1621 2033 prior
1662 1951 1781 2026 file,

420 2047 517 2120 qui
559 2048 669 2102 iam
715 2054 994 2114 contentu,
1039 2045 1148 2100 iam
1191 2046 1321 2100 laxo
1364 2047 1497 2101 fune
1541 2045 1797 2102 laborat.’

413 2133 719 2190 non,dices
764 2131 930 2186 hodie
975 2150 1237 2203 quorsum
1279 2132 1415 2186 haec
1456 2139 1569 2185 tam
1613 2131 1808 2203 putida
1850 2130 2101 2196 tendant,

413 2209 685 2274 furcifer?
733 2214 825 2270 ‘ad
869 2225 941 2282 te,
987 2213 1249 2288 inquam.'
1312 2235 1423 2287 quo
1467 2225 1650 2288 pacm,
1694 2214 1977 2288 pessime?
2024 2215 2236 2271 ‘laudas

413 2304 692 2356 fortunam
736 2311 794 2356 et
837 2319 1017 2356 mores
1062 2302 1323 2373 antiquae
1366 2301 1566 2375 plebis,
1616 2309 1674 2356 et
1715 2301 1882 2366 idem,

415 2387 588 2459 siquis
635 2389 706 2441 ad
749 2387 847 2441 illa
891 2387 1028 2440 deus
1074 2387 1258 2441 subito
1303 2395 1360 2441 te
1404 2396 1553 2459 agat,
1600 2404 1776 2457 usque
1825 2402 2061 2452 recuses,

420 2483 516 2527 aut
561 2473 692 2546 quia
732 2491 844 2526 non
890 2471 1061 2526 sentis
1105 2471 1257 2543 quod
1300 2473 1501 2526 clamas
1545 2471 1751 2526 rectius
1795 2487 1936 2538 esse,

414 2566 512 2612 aut
556 2558 684 2630 quia
729 2575 840 2612 non
883 2557 1072 2611 firmus
1117 2566 1330 2611 rectum
1375 2556 1630 2611 defendis
1676 2567 1731 2611 et
1773 2557 1967 2610 haeres

416 2644 752 2716 nequiquam
799 2660 970 2699 caeno
1013 2642 1243 2713 cupiens
1289 2643 1527 2696 evellere
1571 2643 1835 2714 plantam.

415 2729 626 2784 Romae
672 2747 765 2783 rus
811 2737 988 2799 optas,
1036 2731 1318 2782 absentem
1362 2727 1603 2781 rusticus
1650 2730 1843 2782 urbem

413 2813 565 2868 tollis
609 2816 677 2867 ad
725 2823 872 2868 astra
917 2812 1076 2868 levis.
1144 2813 1191 2866 si
1235 2831 1505 2885 nusquam
1550 2830 1609 2867 es
1653 2814 1794 2866 forte
1840 2818 2064 2865 vocatus

415 2900 483 2952 ad
533 2917 739 2964 cenam,
786 2899 978 2952 laudas
1025 2915 1277 2953 securum
1322 2899 1443 2952 olus
1488 2915 1573 2965 ac,
1618 2898 1773 2952 velut
1816 2898 2091 2968 †usquam

415 2984 631 3038 vinctus
675 3002 785 3050 ea3‚
833 2984 910 3037 ita
954 2993 1012 3037 te
1055 2983 1269 3036 felicem
1316 2983 1453 3037 dieis
1496 3001 1759 3055 amasque

413 3070 566 3141 quod
607 3087 879 3140 nusquam
922 3069 1026 3122 tibi
1071 3068 1144 3123 sit
1183 3071 1514 3139 potandum.
1559 3068 1786 3123 iusserit
1828 3069 1899 3122 ad
1945 3086 2003 3122 se

411 3155 706 3209 Maecenas
752 3173 931 3207 serum
976 3155 1078 3209 sub
1123 3153 1334 3208 lumina.
1376 3154 1555 3226 prima
1596 3155 1791 3208 venire

415 3239 733 3293 convivam:
782 3239 1018 3294 “nemon
1063 3240 1247 3294 oleum
1290 3239 1399 3294 fert
1442 3239 1643 3292 ocius?
1688 3240 1879 3310 ecquis

415 3321 642 3377 audit?’'
687 3341 810 3378 cum
853 3342 1054 3396 magno
1097 3325 1341 3379 blateras
1386 3325 1624 3379 clamore
1668 3324 1943 3396 iugisque.

411 3409 659 3464 Mulvius
705 3418 763 3463 et
807 3425 1029 3464 scurrae
1073 3409 1178 3464 tibi
1221 3428 1333 3463 non
1376 3411 1672 3464 referenda
1712 3411 1925 3482 precati
