2459 3959
926 280 940 296 ⁴
1005 308 1239 362 LIBER
1284 309 1357 362 11.
1411 315 1439 360 3
2066 299 2195 362 175

249 467 356 517 55
406 469 471 514 ut
511 459 666 532 rupis
711 457 1022 532 fluviosque
1064 460 1124 514 in
1168 479 1363 533 campo
1408 461 1629 514 obstare
1674 467 1966 531 queratur:

405 546 640 600 alterum
685 553 743 600 et
784 545 914 600 huic
957 564 1151 600 varum
1193 557 1251 600 et
1293 544 1467 600 nihilo
1513 544 1814 616 sapientius
1859 545 2005 616 ignis

406 649 510 703 per
552 629 763 684 medios
807 630 1120 704 fluviosque
1163 631 1399 686 ruentis.
1487 631 1686 685 clamet
1730 631 1927 695 amica,

409 723 607 780 mater,
651 717 891 770 honesta
933 735 1090 771 soror
1135 733 1259 771 cum
1304 717 1571 788 cognatis,
1618 724 1799 786 pater,
1848 734 1991 772 uxor

413 800 527 855 ‘hic
568 801 721 855 fossa
764 810 850 856 est
892 801 1108 874 ingens,
1155 801 1245 857 hic
1288 819 1453 873 rupes
1498 801 1774 855 maxima:
1820 804 2027 858 serval'

271 895 368 944 60
417 904 528 940 non
573 885 748 958 magis
791 887 1030 942 audierit
1072 906 1238 959 quam
1280 887 1474 940 Fufius
1520 885 1705 941 ebrius
1753 887 1901 953 olim,

414 990 539 1024 cum
582 970 820 1026 Ilionam
864 971 1120 1037 edormit‚
1170 972 1414 1027 Cat-ienis
1459 971 1611 1026 mille
1654 973 1907 1028 ducentis

416 1056 633 1125 ‘mater,
678 1066 736 1112 te
783 1058 1020 1130 adpello’
1067 1057 1445 1112 clamantibus.
1534 1057 1661 1110 huic
1705 1074 1807 1130 ego
1851 1059 2050 1131 volgus

413 1141 588 1196 errori
632 1141 867 1196 similem
913 1152 1174 1198 cunctum
1217 1142 1459 1198 insanire
1506 1143 1739 1198 docebo·

412 1226 618 1281 insanit
661 1237 876 1282 veteres
921 1237 1132 1283 statuas
1175 1228 1549 1300 Damasippus
1595 1229 1857 1282 emendo:

282 1319 365 1368 65
415 1312 634 1383 integer
679 1321 764 1366 est
807 1312 1008 1368 mentis
1051 1312 1376 1386 Damasippi
1422 1311 1702 1368 creditor?
1748 1321 1901 1368 esto:

415 1397 605 1470 accipe
649 1399 802 1470 quod
843 1417 1127 1470 nunquam
1169 1400 1372 1453 reddas
1415 1399 1573 1464 mihi,
1620 1397 1667 1452 si
1710 1397 1813 1452 tibi
1858 1398 2071 1466 dicam3

415 1493 552 1537 tune
597 1482 824 1537 insanus
870 1483 978 1538 eris
1025 1484 1071 1538 si
1115 1484 1437 1556 acceperis?
1482 1503 1551 1538 an
1596 1483 1772 1556 magis
1817 1500 2010 1538 excors

421 1567 630 1622 reiecta
669 1569 894 1641 praeda,
940 1588 1104 1641 quam
1148 1589 1410 1642 praesens
1453 1569 1763 1624 Mercurius
1807 1568 1949 1624 fert?

419 1652 601 1708 scribe
645 1654 836 1709 decem
880 1673 914 1710 a
954 1655 1159 1709 Nerio:
1205 1673 1317 1709 non
1362 1664 1448 1710 est
1491 1654 1651 1710 satis:
1698 1656 1843 1709 adde
1888 1652 2117 1710 Cicutae

291 1745 373 1794 70
422 1738 620 1793 nodosi
665 1740 884 1796 tabulas
931 1748 1168 1806 centum,
1217 1740 1369 1794 mille
1413 1742 1557 1795 adde
1602 1751 1850 1794 catenas:

424 1823 653 1895 effugiet
695 1833 882 1880 tamen
925 1826 1064 1880 haec
1108 1826 1409 1880 sceleratus
1454 1826 1676 1881 vincula
1716 1825 1975 1880 Proteus.

422 1928 549 1964 cum
592 1909 774 1981 rapies
819 1910 878 1966 in
920 1911 1008 1965 ius
1051 1909 1208 1966 malis
1250 1911 1525 1966 ridentem
1571 1911 1782 1976 alienis,

422 1996 522 2049 fiet
565 2012 721 2066 aper,
769 1997 935 2050 modo
981 1995 1116 2062 avis,
1162 1998 1329 2050 modo
1361 2014 1553 2050 saxum
1578 2004 1651 2062 et,
1683 2014 1807 2051 cum
1828 1995 1997 2062 volet,
2020 1995 2205 2050 arbor.
2278 2050 2285 2056 ,

426 2081 475 2134 si
517 2080 661 2134 male
702 2099 822 2135 rem
867 2099 1062 2154 gerere
1105 2080 1291 2135 insani
1334 2089 1437 2149 est,
1482 2089 1675 2139 contra
1718 2084 1861 2136 bene
1906 2081 2049 2148 sani,

295 2172 376 2220 55
427 2164 676 2237 putidius
719 2168 896 2220 multo
941 2168 1226 2222 cerebrum
1275 2175 1377 2234 est,
1421 2167 1554 2221 mibi
1598 2167 1782 2234 crede,
1829 2165 2023 2221 Perilli

430 2249 688 2306 dictantis
732 2253 886 2324 quod
927 2259 989 2306 tu
1033 2269 1317 2324 nunquam
1360 2252 1666 2307 rescribere
1709 2250 1908 2324 possis.

429 2335 624 2390 audire
667 2345 836 2410 atque
876 2345 1066 2409 togam
1107 2337 1273 2393 iubeo
1320 2353 1657 2408 conponere,
1704 2335 1954 2409 quisquis

427 2421 730 2476 ambitione
773 2422 919 2477 mala
963 2432 1060 2479 aut
1103 2421 1321 2494 argenti
1365 2423 1537 2494 pallet
1580 2440 1790 2491 amore,

427 2506 678 2578 quisquis
722 2507 945 2563 luxuria
985 2507 1204 2562 tristive
1250 2508 1645 2581 superstitione

295 2598 378 2649 80
426 2599 525 2647 aut
567 2592 678 2646 alio
723 2593 922 2648 mentis
966 2594 1158 2648 morbo
1204 2594 1378 2649 calet:
1423 2593 1531 2648 huc
1572 2592 1801 2666 propius
1846 2611 1955 2660 me,

425 2681 558 2732 dum
604 2678 776 2732 doceo
818 2678 1062 2734 insanire
1107 2678 1307 2748 omniS‚
1354 2697 1452 2733 vos
1500 2679 1695 2732 ordine
1740 2677 1907 2733 adito.

427 2763 612 2819 danda
655 2772 742 2818 est
785 2763 1015 2819 ellebori
1061 2764 1238 2818 multo
1281 2783 1409 2836 pars
1444 2764 1683 2820 maxima
1725 2764 1937 2818 avaris:

425 2864 529 2903 nec
575 2848 690 2906 scio
735 2867 807 2904 an
851 2849 1175 2920 Anticyram
1217 2851 1363 2904 ratio
1406 2849 1519 2904 illis
1565 2850 1810 2904 destinet
1855 2867 2095 2904 omnem.

427 2935 662 2990 heredes
707 2935 929 2990 Staberi
973 2953 1244 2990 summam
1286 2935 1535 2990 incidere
1580 2933 1859 3006 sepulcre,

295 3028 378 3078 85
428 3020 487 3074 ni
531 3020 612 3074 sic
653 3019 936 3088 fecissent,
981 3019 1352 3092 gladiatorum
1396 3022 1528 3075 dare
1574 3028 1795 3075 centum

427 3105 674 3160 damnati
719 3106 926 3179 populo
968 3106 1128 3178 paria
1168 3114 1339 3178 atque
1383 3106 1610 3177 epulum
1653 3102 1883 3159 arbitrio
1927 3103 2078 3172 Arri,

426 3191 693 3246 frumenti
737 3201 1003 3264 quantum
1046 3191 1207 3246 metit
1253 3191 1459 3246 Africa.
1547 3189 1687 3244 ‘sive
1731 3207 1836 3260 ego
1879 3209 2070 3261 prave,

427 3295 529 3332 seu
572 3285 727 3332 recte
768 3279 874 3332 hoc
919 3275 1088 3345 volui,
1137 3295 1206 3332 ne
1251 3276 1327 3331 sis
1372 3285 1601 3349 patruus
1645 3273 1830 3330 mihiz'
1876 3277 2041 3330 credo

429 3363 538 3418 hoc
582 3361 803 3417 Staberi
846 3365 1179 3436 prudentem
1221 3363 1466 3416 animum
1510 3360 1735 3418 vidisse.
1826 3357 1983 3434 ‘quid
2028 3380 2163 3436 crgo

300 3456 382 3507 90
431 3447 629 3515 sensit,
675 3464 802 3503 cum
845 3466 1112 3504 summam
1154 3447 1454 3521 patrimoni
1495 3447 1809 3520 insculpere
1853 3465 1988 3502 saxo

429 3533 666 3589 heredes
713 3533 947 3588 voluit?’
991 3535 1175 3606 quoad
1219 3531 1381 3602 vixit,
1428 3531 1667 3589 credidit
1708 3531 1907 3606 ingens
