2459 3959
262 292 394 355 25⁰
912 296 1470 355 EPISTVLARVM

264 458 387 510 420
434 454 819 513 adsentatores
861 454 1017 511 iubet
1058 455 1133 509 ad
1173 452 1389 509 lucrum
1432 452 1516 507 ire
1559 460 1729 525 poeta

433 539 589 595 dives
632 540 801 613 agris,
847 540 1005 597 dives
1048 537 1250 613 positis
1293 538 1350 593 in
1393 538 1590 593 fenore
1633 539 1892 595 nummis.

434 624 481 679 si
524 643 659 681 vero
706 632 811 693 est,
859 634 1089 683 unctum
1132 623 1231 697 qui
1271 634 1426 681 recte
1467 640 1680 697 ponere
1721 625 1918 697 possit,

430 718 491 765 et
534 712 811 783 spondere
852 711 963 767 levi
1005 730 1111 784 pro
1154 728 1424 783 paupere,
1469 717 1528 765 et
1571 709 1790 781 eripere
1831 710 1968 767 artis

429 795 621 851 litibus
664 796 1003 868 inplicitum:
1048 795 1313 864 mirabor,
1358 795 1406 851 si
1449 794 1588 853 sciet
1627 794 1781 851 inter

266 887 386 937 425
434 898 667 937 noscere
708 884 1032 937 mendacem
1074 900 1380 953 verumque
1421 883 1620 937 beatus
1661 880 1918 936 amicum.

434 973 497 1021 tu
542 984 643 1021 seu
684 966 909 1021 donaris
954 986 1052 1023 seu
1096 966 1236 1041 quid
1281 970 1490 1023 donare
1532 965 1690 1023 voles
1734 966 1844 1035 cui,

437 1051 617 1106 nolito
659 1053 733 1106 ad
778 1070 973 1109 versus
1016 1052 1121 1108 tibi
1164 1054 1344 1107 factos
1385 1054 1588 1107 ducere
1631 1051 1858 1123 plenum

432 1136 713 1193 laetitiae:
757 1138 1018 1193 clamabit
1060 1138 1210 1193 enim
1257 1134 1536 1210 ‘pulchre,
1578 1138 1744 1203 bene,
1787 1140 1978 1207 recte:

435 1222 709 1295 pallescet
750 1242 923 1295 super
964 1223 1071 1289 his,
1116 1225 1286 1279 etiam
1329 1222 1565 1279 stillabit
1607 1221 1801 1278 amicis

267 1313 387 1365 480
434 1326 506 1363 ex
550 1307 721 1363 oculis
764 1327 967 1377 rorem,
1012 1308 1196 1378 saliet,
1241 1310 1441 1369 tundet
1481 1308 1629 1381 pede
1670 1315 1898 1363 terram.

433 1402 496 1447 ut
537 1392 635 1465 qui
678 1396 939 1449 conducti
980 1395 1205 1467 plorant
1250 1393 1308 1449 in
1351 1394 1570 1461 funere,
1616 1392 1814 1448 dicunt

440 1485 497 1533 et
537 1478 749 1535 faciunt
790 1498 965 1552 prope
1008 1480 1171 1553 plura
1214 1480 1534 1535 dolentibus
1579 1496 1653 1533 ex
1696 1479 1901 1547 animo,
1945 1479 2028 1534 sic

440 1564 655 1619 derisor
697 1583 831 1623 vero
876 1565 1002 1637 plus
1046 1566 1340 1621 laudatore
1381 1572 1657 1621 movetur.

432 1666 595 1720 reges
640 1649 902 1705 dicuntur
944 1651 1133 1705 multis
1177 1670 1420 1724 urguere
1463 1650 1682 1707 culullis

268 1739 387 1790 485
436 1742 495 1789 et
537 1742 797 1808 torquere
839 1754 993 1791 mero
1040 1754 1203 1808 quem
1247 1736 1602 1809 perspexisse
1645 1736 1922 1804 laborant,

434 1837 505 1874 an
550 1820 623 1874 sit
666 1820 909 1876 amicitia
952 1822 1188 1893 dignus:
1236 1823 1286 1877 si
1327 1821 1568 1877 carmina
1612 1822 1842 1889 condes,

434 1923 715 1978 nunquam
757 1915 815 1961 te
856 1908 1055 1963 fallant
1098 1907 1268 1962 animi
1313 1910 1416 1963 sub
1459 1907 1629 1979 volpe
1673 1906 1928 1975 latentes,

436 1990 710 2057 Quintilio
754 1991 941 2065 siquid
983 1993 1267 2057 recitares,
1312 1990 1552 2066 ‘corrige
1593 1993 1758 2049 sodes

431 2076 557 2133 hoc’
600 2076 786 2132 aiebat
830 2080 905 2132 ‘et
946 2079 1089 2134 hoc.’
1133 2078 1333 2135 melius
1377 2087 1434 2134 te
1477 2096 1645 2151 posse
1687 2093 1924 2148 negares

266 2167 387 2216 440
434 2162 522 2217 bis
565 2168 762 2235 terque
806 2172 1097 2236 expertum
1141 2165 1368 2231 frustra,
1414 2165 1604 2220 delere
1645 2163 1874 2218 iubebat

434 2254 493 2301 et
535 2248 681 2303 male
725 2256 975 2305 tornatos
1018 2250 1211 2305 incudi
1254 2252 1490 2305 reddere
1533 2268 1748 2305 versus.

433 2332 481 2385 si
524 2333 827 2389 defendere
870 2335 1135 2391 delictum
1178 2354 1348 2409 quam
1390 2343 1612 2392 vertere
1654 2334 1868 2402 malles,

430 2417 644 2473 nullum
688 2420 835 2474 ultra
876 2416 1108 2476 verbum
1153 2430 1252 2476 aut
1295 2439 1520 2493 operam
1563 2420 1878 2475 insumebat
1918 2419 2166 2490 inanem,

432 2503 568 2575 quin
613 2505 733 2559 siue
776 2505 939 2561 rivali
980 2513 1153 2578 teque
1196 2515 1256 2561 et
1299 2514 1397 2561 tua
1441 2507 1592 2561 solus
1636 2523 1866 2560 amares.

264 2593 382 2643 445
432 2590 518 2643 vir
558 2590 737 2644 bonus
780 2600 839 2646 et
880 2593 1126 2663 prudens
1170 2612 1366 2648 versus
1409 2593 1710 2665 reprendet
1753 2590 1964 2659 inertis,

434 2674 681 2746 culpabit
723 2677 911 2743 duros,
954 2677 1254 2750 incomptis
1299 2678 1510 2733 adlinet
1553 2686 1736 2731 atrum

430 2768 749 2817 transverso
792 2762 1003 2817 calamo
1048 2763 1286 2835 signum,
1332 2763 1626 2818 ambitiosa
1667 2762 1881 2819 recidet

430 2855 773 2914 ornamenta,
818 2866 1013 2919 parum
1060 2848 1222 2903 claris
1269 2850 1452 2904 lucem
1496 2849 1630 2903 dare
1674 2857 1862 2919 coget,

429 2941 628 3003 arguet
672 2933 933 3005 ambigue
978 2933 1206 2998 dictum,
1251 2935 1520 2989 mutanda
1560 2933 1800 3001 notabit,

263 3022 382 3073 450
430 3016 527 3071 fiet
570 3018 956 3074 Aristarchus:
1000 3037 1113 3075 non
1159 3019 1308 3075 dicet
1354 3018 1470 3073 ‘cur
1511 3037 1619 3090 ego
1663 3018 1900 3075 amicum

430 3103 703 3159 offendam
746 3103 805 3157 in
848 3103 1013 3178 nugis
1027 3104 1073 3158 ‘2’
1116 3106 1221 3161 hae
1265 3123 1447 3177 nugae
1493 3104 1640 3160 seria
1680 3105 1889 3161 ducent

429 3186 489 3241 in
532 3189 678 3242 mala
722 3188 963 3245 derisum
1008 3192 1179 3245 semel
1222 3198 1632 3263 exceptumque
1675 3190 1920 3249 sinistre.

430 3279 496 3323 ut
536 3273 681 3326 mala
722 3292 888 3345 quem
934 3276 1145 3331 scabies
1188 3284 1288 3332 aut
1331 3277 1554 3331 morbus
1597 3275 1788 3347 regius
1832 3286 2039 3354 urguet

429 3363 527 3408 aut
566 3356 837 3413 fanaticus
884 3378 1041 3415 error
1086 3369 1143 3417 et
1185 3362 1452 3417 iracunda
1495 3360 1696 3425 Diana,

264 3444 381 3494 465
430 3456 695 3495 vesanum
739 3443 995 3513 tetigisse
1037 3446 1240 3501 timent
1281 3447 1615 3519 fugiuntque
1657 3454 1882 3519 poetam

428 3523 526 3594 qui
568 3526 819 3596 sapiunt:
865 3530 1082 3601 agitant
1124 3534 1285 3603 pueri
1327 3532 1646 3604 incautique
1691 3544 1971 3592 secuntur.
