2459 3959
902 322 1052 385 ΜΒ.
1096 326 1150 385 1.
1201 334 1447 385 15-16

1105 510 1256 566 XVI

333 653 390 709 O
431 661 610 709 matre
651 655 882 726 pulchra
922 655 1038 709 filia
1078 655 1379 726 pulchrior,

333 759 502 811 quem
547 740 854 795 criminosis
899 758 1116 813 cunque
1160 742 1313 795 voles
1356 742 1579 797 modum

417 844 592 898 pones
634 825 848 894 iambis,
893 827 1008 881 sive
1051 828 1273 880 flamma

508 910 624 965 sive
669 912 806 965 mari
850 912 990 965 libet
1029 912 1339 969 Hadriane.

242 1071 276 1119 5
331 1082 447 1118 non
488 1064 837 1135 Dindymene
880 1084 993 1119 non
1038 1065 1218 1136 adytis
1264 1065 1444 1137 quatit

328 1157 577 1205 mentem
619 1153 966 1204 sacerdotum
1008 1151 1191 1204 incola
1234 1151 1487 1220 Pythius,

416 1253 529 1289 non
571 1235 741 1290 Liber
782 1254 957 1308 aeque
1003 1254 1114 1290 non
1159 1245 1321 1290 acuta

495 1320 543 1375 si
585 1322 869 1394 geminant
913 1322 1255 1393 Corybantes
1300 1339 1445 1391 aera,

327 1472 519 1529 tristes
563 1482 625 1529 ut
665 1474 804 1544 irae,
852 1494 988 1547 quas
1031 1494 1214 1548 neque
1256 1474 1500 1531 Noricus

195 1561 276 1613 10
333 1560 578 1614 deterret
620 1560 764 1615 ensis
807 1578 914 1615 nec
955 1578 1109 1615 mare
1152 1562 1498 1631 naufragum,

415 1662 521 1700 nec
563 1664 761 1700 saevus
805 1645 950 1717 ignis
993 1664 1101 1700 nec
1140 1649 1432 1701 tremendo

489 1729 745 1802 Iuppiter
785 1731 906 1803 ipse
949 1750 1116 1786 ruens
1159 1733 1423 1787 tumultu.

324 1884 506 1938 fertur
545 1883 908 1939 Prometheus
952 1886 1159 1939 addere
1205 1882 1453 1957 principi?

328 1968 464 2023 limo
508 1978 729 2023 coactus
773 1969 1099 2041 particulam
1144 1969 1389 2043 undique

194 2062 272 2111 15
421 2057 698 2109 desectam
742 2063 799 2109 et
838 2055 1021 2110 insani
1063 2056 1243 2110 leonis

485 2140 600 2194 vim
642 2142 922 2196 stomacho
967 2142 1291 2213 adposuisse
1334 2148 1545 2196 nostro,

321 2296 439 2350 irae
485 2294 765 2364 Thyesten
810 2294 986 2349 exitio
1028 2293 1188 2365 gravi

325 2388 592 2446 stravere,
638 2387 695 2433 et
737 2379 862 2433 altis
907 2379 1136 2434 urbibus
1183 2378 1411 2433 ultimae

410 2471 615 2520 stetere
661 2482 886 2519 caussae
933 2483 1031 2519 cur
1073 2464 1319 2537 perirent

197 2557 276 2605 20
491 2550 758 2618 funditus,
803 2550 1244 2622 inprimeretque
1286 2549 1456 2605 muris

319 2703 523 2759 hostile
561 2710 804 2759 aratrum
847 2703 1125 2759 exercitus
1169 2705 1442 2761 insolens.-

324 2806 595 2861 conpesce
637 2796 907 2845 mentem:
953 2807 1042 2843 me
1086 2808 1311 2863 quoque
1354 2789 1597 2863 pectoris

409 2874 701 2947 temptavit
740 2875 800 2929 in
845 2875 996 2929 dulci
1037 2875 1267 2929 iuventa

486 2963 673 3015 fervor
717 2969 773 3016 et
816 2960 874 3015 in
918 2960 1110 3015 celeris
1155 2961 1366 3017 iambos

197 3120 273 3169 25
323 3114 477 3169 misit
516 3114 808 3169 furentem.
853 3132 1001 3168 nunc
1046 3132 1152 3186 ego
1193 3114 1423 3169 mitibus

322 3208 539 3256 mutare
583 3218 790 3273 quaero
834 3199 1038 3268 tristia,
1089 3202 1220 3255 dum
1262 3200 1397 3254 mihi

407 3288 509 3343 fias
553 3285 850 3341 recantatis
896 3286 1070 3340 amica

485 3371 799 3446 opprobriis
843 3371 1196 3443 animumque
1240 3370 1466 3427 reddas.

260 3654 458 3695 Horatius
557 3698 562 3706 ‚

2068 316 2153 385 1¹1
