2459 3959
885 300 1118 356 LIBER
1159 301 1205 358 Ι.
1258 307 1417 358 5-6
2001 297 2131 366 155

341 453 480 508 dum
519 454 738 540 flapima
777 453 899 511 sine
942 461 1068 510 tura
1109 454 1413 528 liquescere
1458 454 1649 512 limine
1692 473 1845 512 sacro

151 545 192 594 1
213 544 292 600 00
348 539 692 610 persuadere
737 539 914 612 cupit.
1005 541 1194 596 credat
1238 541 1479 596 Iudaeus
1524 541 1748 613 Apella,

341 641 459 678 non
502 641 624 696 ego.
710 643 948 698 namque
992 627 1128 680 deos
1172 625 1343 684 didici
1386 643 1645 685 securum
1688 645 1854 701 agere
1901 645 2124 698 aevum,

343 727 452 764 nec
495 709 681 781 siquid
722 710 848 766 miri
894 710 1062 764 faciat
1103 717 1325 779 natura,
1371 713 1505 768 deos
1549 711 1611 767 id

345 793 524 848 tristis
570 813 643 848 ex
685 794 800 850 alto
845 795 987 850 caeli
1031 795 1322 850 demittere
1365 804 1535 852 tecte.

347 878 712 934 Brundisium
756 881 958 952 longae
1003 880 1125 936 finis
1173 882 1509 955 chartaeque
1552 882 1785 956 viaeque
1829 891 1933 940 est.

1175 1161 1263 1218 VI

353 1305 485 1360 Non
531 1303 678 1376 quia,
723 1303 1038 1374 Maecenas,
1082 1304 1365 1376 Lydorum
1408 1305 1683 1378 quidquid
1723 1307 1993 1364 Etruscos

354 1389 590 1446 incoluit
631 1389 774 1456 finiS,
821 1407 984 1444 nemo
1029 1391 1354 1463 generosior
1398 1394 1485 1446 est
1531 1399 1606 1459 te,

355 1493 462 1530 nec
505 1477 657 1548 quod
701 1493 836 1530 avus
879 1474 984 1530 tibi
1028 1484 1308 1532 maternus
1354 1476 1459 1532 fuit
1501 1485 1669 1549 atque
1712 1483 1977 1548 paternus

361 1559 492 1616 olim
538 1558 633 1631 qui
675 1560 886 1632 magnis
931 1560 1245 1632 legionibus
1288 1560 1691 1632 imperitarent,

271 1655 307 1704 5
358 1654 420 1700 ut
461 1645 716 1718 plerique
759 1647 960 1712 solent,
1010 1664 1142 1700 naso
1189 1646 1481 1718 suspendis
1526 1649 1740 1702 adunco

358 1732 600 1804 ignotos,
643 1739 706 1784 ut
748 1749 836 1785 me
878 1729 1140 1786 libertino
1183 1740 1343 1804 patre
1386 1739 1593 1788 natum.

365 1834 490 1872 cum
531 1815 739 1870 referre
782 1833 953 1888 negas
999 1815 1150 1888 quali
1194 1815 1268 1870 sit
1310 1816 1543 1888 quisque
1585 1826 1817 1889 parente

361 1909 544 1969 natus,
591 1901 722 1956 dum
765 1901 1060 1972 ingenuus,
1104 1903 1409 1972 persuades
1452 1903 1559 1956 hoc
1602 1903 1706 1957 tibi
1750 1922 1899 1973 vere,

368 1995 498 2042 ante
541 1993 876 2059 potestatem
922 1985 1075 2040 Tulli
1117 1994 1283 2058 atque
1327 1986 1571 2058 ignobile
1614 2006 1849 2058 regnum

240 2081 320 2130 10
368 2073 572 2128 multos
617 2089 784 2142 saepe
828 2071 976 2126 viros
1021 2071 1186 2126 nullis
1231 2071 1529 2126 maioribus
1575 2079 1723 2128 ortos
1806 2143 1809 2146 Δ

368 2167 428 2213 et
470 2157 675 2212 vixisse
719 2157 942 2228 probos,
989 2156 1184 2227 amplis
1229 2166 1289 2212 et
1330 2157 1631 2213 honoribus
1676 2167 1901 2213 auctos:

369 2251 566 2298 contra
607 2241 932 2310 Laevinum,
975 2240 1170 2296 Valeri
1214 2260 1412 2314 genus,
1458 2243 1608 2298 unde
1654 2244 1935 2315 Superbus

367 2327 704 2401 Tarquinius
749 2345 921 2397 regno
965 2327 1160 2398 pulsus
1203 2327 1363 2398 fugit,
1408 2327 1570 2382 unius
1614 2328 1752 2384 assis

363 2432 479 2468 non
521 2430 762 2484 unquam
805 2411 986 2483 pretio
1029 2410 1201 2485 pluris
1246 2411 1489 2480 licuisse,
1535 2422 1763 2469 notante

239 2505 318 2556 15
369 2499 552 2553 iudice
597 2516 708 2569 quo
750 2495 900 2551 nosti
941 2497 1166 2568 popu10,
1211 2497 1307 2568 qui
1350 2499 1549 2552 stultus
1593 2500 1830 2556 honores

369 2601 537 2656 saepe
581 2585 678 2638 dat
719 2580 962 2652 indignis
1009 2589 1065 2636 et
1107 2583 1286 2637 famae
1328 2583 1499 2639 servit
1538 2583 1782 2656 ineptus,

369 2669 466 2742 qui
508 2674 698 2740 stupet
739 2667 798 2722 in
843 2664 1019 2723 titulis
1065 2673 1123 2722 et
1165 2667 1521 2738 imaginibus.
1608 2669 1743 2742 quid
1788 2680 2007 2743 oportet

367 2773 470 2810 nos
513 2755 694 2808 facere
738 2771 773 2806 a
813 2752 979 2824 volgo
1023 2750 1188 2822 longe
1236 2752 1507 2824 longeque
1548 2755 1827 2810 remotos?

365 2857 602 2912 namque
647 2845 788 2906 esto,
835 2838 1072 2910 populus
1115 2836 1362 2891 Laevino
1405 2839 1598 2894 mallet
1637 2841 1903 2894 honorem

239 2927 318 2982 20
366 2943 530 2997 quam
573 2923 748 2979 Decio
791 2923 1052 2977 mandare
1096 2939 1261 2990 novo,
1306 2940 1609 2995 censorque
1654 2935 1899 2980 moveret

364 3009 605 3084 Appius,
652 3008 895 3081 ingenuo
941 3007 989 3062 si
1031 3026 1144 3062 non
1189 3026 1369 3062 essem
1412 3015 1569 3080 patre
1612 3019 1802 3064 natus:

365 3098 455 3152 vel
499 3095 713 3162 merito,
760 3089 1016 3166 quoniam
1060 3093 1118 3148 in
1160 3093 1388 3166 propria
1430 3112 1541 3148 non
1586 3095 1733 3166 pelle
1777 3093 2071 3166 quiessem.

365 3183 464 3236 sed
507 3180 753 3252 fulgente
797 3179 968 3233 trahit
1011 3179 1343 3234 constrictos
1388 3178 1567 3250 gloria
1609 3195 1775 3234 curru

270 3315 278 3324 .
361 3284 476 3322 non
517 3266 696 3320 minus
739 3263 960 3336 ignotos
1006 3264 1310 3336 generosis.
1400 3283 1511 3337 quo
1554 3262 1679 3332 tibi,
1729 3264 1882 3334 Tilli,

237 3358 314 3408 25
363 3368 579 3406 sumere
623 3348 934 3421 depositum
977 3351 1192 3404 clavum
1211 3413 1216 3418 ἢ
1236 3349 1466 3421 fierique
1511 3348 1779 3404 tribuno?

361 3435 572 3491 invidia
614 3434 876 3501 adcrevit,
921 3433 1136 3506 privato
1183 3452 1327 3506 quae
1368 3434 1547 3489 minor
1592 3443 1760 3492 esset.

358 3539 486 3576 nam
529 3527 592 3575 ut
633 3519 868 3594 quisque
925 3519 1150 3574 insanus
1209 3518 1385 3592 nigris
1431 3519 1673 3575 medium
1717 3520 1955 3594 inpediit
1997 3537 2119 3577 crus
