2459 3959
199 612 287 658 15

201 1121 296 1174 20

962 281 1108 336 LIB.
1143 281 1247 342 IV.
1294 287 1455 336 2—4

347 435 600 503 Romae,
644 433 913 507 principis
957 433 1192 501 urbium,

451 520 717 592 dignatur
761 520 984 575 suboles
1027 519 1176 574 inter
1219 519 1471 576 amabilis

351 613 556 660 vatum
600 624 811 678 ponere
857 623 942 660 me
987 606 1206 673 choros,

453 699 514 746 et
555 690 664 745 iam
708 693 877 747 dente
920 690 1100 746 minus
1143 692 1405 746 mordeor
1443 690 1659 749 invido·

354 883 397 918 o
448 863 745 918 testudinis
789 881 988 918 aureae

454 950 670 1003 dulcem
713 967 857 1020 quae
902 949 1212 1020 strepitum,
1258 947 1426 1018 Pieri,
1472 957 1767 1022 temperas,

356 1053 402 1090 o
446 1034 611 1090 mutis
656 1052 877 1107 quoque
921 1034 1167 1108 piscibus

455 1120 726 1175 donatura
769 1120 945 1192 cycni,
991 1119 1040 1174 si
1083 1121 1275 1188 libeat,
1323 1138 1535 1188 sonum,

354 1299 544 1345 totum
587 1288 829 1344 muneris
873 1289 980 1344 hoc
1023 1289 1175 1358 tuist,

449 1376 601 1446 quod
643 1383 920 1430 monstror
963 1374 1141 1448 digito
1183 1375 1671 1448 praetereuntium.

356 1461 647 1515 Romanae
690 1459 894 1514 fidicen
939 1460 1127 1531 lyrae:

445 1547 595 1620 quod
639 1545 790 1619 spiro
833 1553 891 1600 et
930 1546 1147 1618 placeo,
1195 1546 1243 1602 si
1283 1545 1494 1618 placen,
1539 1554 1765 1602 tuumst.

1155 1827 1245 1884 IV

363 1973 599 2040 Qualem
641 1972 953 2028 ministrum
995 1972 1241 2028 fulminis
1285 1973 1489 2040 alitem,

357 2059 448 2114 cui
487 2078 588 2114 rex
631 2060 860 2114 deorum
882 2077 1132 2130 regnum
1175 2059 1235 2113 in
1280 2059 1397 2116 avis
1439 2075 1608 2130 vagas

441 2145 692 2218 permisit
733 2152 995 2217 expertus
1037 2145 1257 2200 fidelem

526 2229 782 2303 Iuppiter
823 2230 884 2284 in
927 2228 1250 2302 Ganymede
1293 2230 1455 2298 ssave,

272 2409 307 2458 5
361 2401 492 2458 olim
533 2402 787 2458 iuventas
834 2410 892 2457 et
930 2401 1143 2474 patrius
1187 2400 1347 2471 vigor

355 2488 489 2544 nido
533 2489 785 2543 laborum
828 2486 1074 2560 propulit
1115 2486 1368 2552 inscium,

444 2572 709 2646 vernique
751 2573 862 2628 iam
905 2573 1104 2628 nimbis
1148 2572 1371 2626 remotis

525 2659 778 2714 insolitos
824 2661 1060 2714 docuere
1103 2658 1256 2712 nisus

356 2829 507 2885 venti
547 2839 862 2902 paventem,
908 2849 1038 2885 mox
1079 2830 1138 2885 in
1182 2830 1349 2884 ovilia

227 2922 304 2971 10
353 2914 574 2971 demisit
616 2917 827 2972 hostem
869 2916 1085 2971 vi'vidus
1130 2915 1372 2988 inpetus,

227 3438 299 3488 15

436 3019 584 3057 nunc
625 3002 684 3057 in
727 3001 1047 3057 reluctantis
1094 3002 1347 3056 draconis

519 3087 634 3161 egit
675 3106 830 3144 amor
872 3087 1029 3162 dapis
1073 3095 1242 3160 atque
1284 3104 1529 3161 pugnae;

350 3259 638 3332 qualemve
675 3258 836 3314 laetis
880 3277 1078 3332 caprea
1116 3259 1337 3331 pascuis

349 3347 566 3401 intenta
605 3345 788 3400 fulvae
831 3345 1023 3400 matris
1065 3349 1135 3401 ab
1178 3348 1351 3400 ubere

433 3431 544 3486 iam
586 3430 758 3497 flacte
803 3430 1091 3504 depulsum
1135 3432 1373 3494 leonem,

521 3519 690 3573 dente
733 3533 877 3572 novo
920 3516 1170 3590 peritura
1210 3515 1380 3572 vidit:
