<?xml version="1.0" encoding="UTF-8"?>
<!DOCTYPE html PUBLIC "-//W3C//DTD XHTML 1.0 Transitional//EN"
    "http://www.w3.org/TR/xhtml1/DTD/xhtml1-transitional.dtd">
<html xmlns="http://www.w3.org/1999/xhtml" xml:lang="en" lang="en">
 <head>
  <title>
</title>
<meta http-equiv="Content-Type" content="text/html;charset=utf-8" />
  <meta name='ocr-system' content='tesseract 3.04.00' />
  <meta name='ocr-capabilities' content='ocr_page ocr_carea ocr_par ocr_line ocrx_word'/>
</head>
<body>
  <div class='ocr_page' id='page_1' title='image "./qhoratiusflaccu00linkgoog_0085.png"; bbox 0 0 2459 3959; ppageno 0'>
   <div class='ocr_carea' id='block_1_1' title="bbox 914 278 1447 340">
    <p class='ocr_par' dir='ltr' id='par_1_1' title="bbox 914 278 1447 340">
     <span class='ocr_line' id='line_1_1' title="bbox 914 278 1447 340; baseline 0.011 -6"><span class='ocrx_word' id='word_1_1' title='bbox 914 278 1058 335; x_wconf 85' lang='lat' dir='ltr'><strong>LIB.</strong></span> <span class='ocrx_word' id='word_1_2' title='bbox 1101 279 1152 336; x_wconf 91' lang='lat'><strong>1.</strong></span> <span class='ocrx_word' id='word_1_3' title='bbox 1203 288 1235 335; x_wconf 83' lang='lat'><strong><em>2</em></strong></span> <span class='ocrx_word' id='word_1_4' title='bbox 1249 288 1403 339; x_wconf 83' lang='lat'>6--2</span> <span class='ocrx_word' id='word_1_5' title='bbox 1416 291 1447 340; x_wconf 88' lang='lat'>8</span> 
     </span>
    </p>
   </div>
   <div class='ocr_carea' id='block_1_2' title="bbox 317 432 1527 765">
    <p class='ocr_par' dir='ltr' id='par_1_2' title="bbox 317 432 1527 765">
     <span class='ocr_line' id='line_1_2' title="bbox 317 432 1527 509; baseline 0.003 -18"><span class='ocrx_word' id='word_1_6' title='bbox 317 452 468 509; x_wconf 87' lang='lat' dir='ltr'><strong>quae</strong></span> <span class='ocrx_word' id='word_1_7' title='bbox 513 452 664 507; x_wconf 82' lang='lat' dir='ltr'><strong>saga,</strong></span> <span class='ocrx_word' id='word_1_8' title='bbox 711 432 836 506; x_wconf 87' lang='lat' dir='ltr'><strong>quis</strong></span> <span class='ocrx_word' id='word_1_9' title='bbox 875 441 936 489; x_wconf 86' lang='lat' dir='ltr'><strong>te</strong></span> <span class='ocrx_word' id='word_1_10' title='bbox 979 436 1194 491; x_wconf 84' lang='lat' dir='ltr'><strong>solvere</strong></span> <span class='ocrx_word' id='word_1_11' title='bbox 1242 438 1527 495; x_wconf 87' lang='lat' dir='ltr'><strong>Thessalis</strong></span> 
     </span>
     <span class='ocr_line' id='line_1_3' title="bbox 319 518 1455 593; baseline 0.001 -16"><span class='ocrx_word' id='word_1_12' title='bbox 319 540 518 593; x_wconf 83' lang='lat' dir='ltr'><strong>magus</strong></span> <span class='ocrx_word' id='word_1_13' title='bbox 562 518 808 587; x_wconf 81' lang='lat' dir='ltr'><strong>venenis,</strong></span> <span class='ocrx_word' id='word_1_14' title='bbox 857 520 980 592; x_wconf 84' lang='lat' dir='ltr'><strong>quis</strong></span> <span class='ocrx_word' id='word_1_15' title='bbox 1021 522 1232 592; x_wconf 85' lang='lat' dir='ltr'><strong>poterit</strong></span> <span class='ocrx_word' id='word_1_16' title='bbox 1276 525 1455 580; x_wconf 77' lang='lat' dir='ltr'><strong>deus?</strong></span> 
     </span>
     <span class='ocr_line' id='line_1_4' title="bbox 409 605 1212 677; baseline 0 -16"><span class='ocrx_word' id='word_1_17' title='bbox 409 607 506 661; x_wconf 82' lang='lat' dir='ltr'><strong>vix</strong></span> <span class='ocrx_word' id='word_1_18' title='bbox 549 605 838 677; x_wconf 85' lang='lat' dir='ltr'><strong>inligatum</strong></span> <span class='ocrx_word' id='word_1_19' title='bbox 884 614 940 661; x_wconf 86' lang='lat' dir='ltr'><strong>te</strong></span> <span class='ocrx_word' id='word_1_20' title='bbox 977 606 1212 663; x_wconf 82' lang='lat' dir='ltr'><strong>triformi</strong></span> 
     </span>
     <span class='ocr_line' id='line_1_5' title="bbox 492 692 1401 765; baseline 0 -18"><span class='ocrx_word' id='word_1_21' title='bbox 492 694 741 764; x_wconf 77' lang='lat' dir='ltr'>Pegasus</span> <span class='ocrx_word' id='word_1_22' title='bbox 786 692 1048 765; x_wconf 80' lang='lat' dir='ltr'><strong>expediet</strong></span> <span class='ocrx_word' id='word_1_23' title='bbox 1093 693 1401 750; x_wconf 75' lang='lat' dir='ltr'><strong>Chimaera.</strong></span> 
     </span>
    </p>
   </div>
   <div class='ocr_carea' id='block_1_3' title="bbox 965 826 1375 838">
    <p class='ocr_par' dir='ltr' id='par_1_3' title="bbox 965 826 1375 838">
     <span class='ocr_line' id='line_1_6' title="bbox 965 826 1375 838; baseline 0 3121"><span class='ocrx_word' id='word_1_24' title='bbox 965 826 1375 838; x_wconf 95' lang='lat' dir='ltr'><strong> </strong></span> 
     </span>
    </p>
   </div>
   <div class='ocr_carea' id='block_1_4' title="bbox 1039 972 1305 1030">
    <p class='ocr_par' dir='ltr' id='par_1_4' title="bbox 1039 972 1305 1030">
     <span class='ocr_line' id='line_1_7' title="bbox 1039 972 1305 1030; baseline 0.015 -3"><span class='ocrx_word' id='word_1_25' title='bbox 1039 972 1305 1030; x_wconf 90' lang='lat' dir='ltr'><strong>XXVIII</strong></span> 
     </span>
    </p>
   </div>
   <div class='ocr_carea' id='block_1_5' title="bbox 313 1119 1859 1449">
    <p class='ocr_par' dir='ltr' id='par_1_5' title="bbox 313 1119 1859 1276">
     <span class='ocr_line' id='line_1_8' title="bbox 313 1119 1859 1192; baseline 0.003 -17"><span class='ocrx_word' id='word_1_26' title='bbox 313 1121 401 1176; x_wconf 88' lang='lat' dir='ltr'><strong>Te</strong></span> <span class='ocrx_word' id='word_1_27' title='bbox 449 1119 618 1174; x_wconf 87' lang='lat' dir='ltr'><strong>maris</strong></span> <span class='ocrx_word' id='word_1_28' title='bbox 663 1128 720 1174; x_wconf 89' lang='lat' dir='ltr'><strong>et</strong></span> <span class='ocrx_word' id='word_1_29' title='bbox 763 1126 945 1174; x_wconf 86' lang='lat' dir='ltr'><strong>terrae</strong></span> <span class='ocrx_word' id='word_1_30' title='bbox 989 1138 1332 1192; x_wconf 87' lang='lat' dir='ltr'><strong>numeroque</strong></span> <span class='ocrx_word' id='word_1_31' title='bbox 1377 1122 1615 1177; x_wconf 83' lang='lat' dir='ltr'><strong>carentis</strong></span> <span class='ocrx_word' id='word_1_32' title='bbox 1659 1140 1859 1179; x_wconf 85' lang='lat' dir='ltr'><strong>arenae</strong></span> 
     </span>
     <span class='ocr_line' id='line_1_9' title="bbox 407 1206 1351 1276; baseline 0 -16"><span class='ocrx_word' id='word_1_33' title='bbox 407 1222 714 1261; x_wconf 81' lang='lat' dir='ltr'><strong>mensorem</strong></span> <span class='ocrx_word' id='word_1_34' title='bbox 759 1206 1038 1273; x_wconf 79' lang='lat' dir='ltr'><strong>cohibent,</strong></span> <span class='ocrx_word' id='word_1_35' title='bbox 1083 1207 1351 1276; x_wconf 79' lang='lat' dir='ltr'><strong>Archyta,</strong></span> 
     </span>
    </p>

    <p class='ocr_par' dir='ltr' id='par_1_6' title="bbox 319 1290 1723 1449">
     <span class='ocr_line' id='line_1_10' title="bbox 319 1290 1723 1363; baseline 0.002 -18"><span class='ocrx_word' id='word_1_36' title='bbox 319 1290 566 1363; x_wconf 86' lang='lat' dir='ltr'><strong>pulveris</strong></span> <span class='ocrx_word' id='word_1_37' title='bbox 610 1290 798 1362; x_wconf 85' lang='lat' dir='ltr'><strong>exigui</strong></span> <span class='ocrx_word' id='word_1_38' title='bbox 841 1308 1014 1363; x_wconf 85' lang='lat' dir='ltr'><strong>prope</strong></span> <span class='ocrx_word' id='word_1_39' title='bbox 1057 1291 1187 1345; x_wconf 83' lang='lat' dir='ltr'><strong>litus</strong></span> <span class='ocrx_word' id='word_1_40' title='bbox 1229 1310 1404 1363; x_wconf 81' lang='lat' dir='ltr'><strong>parva</strong></span> <span class='ocrx_word' id='word_1_41' title='bbox 1446 1291 1723 1348; x_wconf 87' lang='lat' dir='ltr'><strong>Matinum</strong></span> 
     </span>
     <span class='ocr_line' id='line_1_11' title="bbox 407 1377 1562 1449; baseline 0 -18"><span class='ocrx_word' id='word_1_42' title='bbox 407 1394 655 1444; x_wconf 89' lang='lat' dir='ltr'><strong>munera,</strong></span> <span class='ocrx_word' id='word_1_43' title='bbox 701 1394 804 1431; x_wconf 87' lang='lat' dir='ltr'><strong>nec</strong></span> <span class='ocrx_word' id='word_1_44' title='bbox 846 1377 1140 1448; x_wconf 84' lang='lat' dir='ltr'><strong>quicquam</strong></span> <span class='ocrx_word' id='word_1_45' title='bbox 1183 1377 1289 1432; x_wconf 88' lang='lat' dir='ltr'><strong>tibi</strong></span> <span class='ocrx_word' id='word_1_46' title='bbox 1332 1380 1562 1449; x_wconf 89' lang='lat' dir='ltr'><strong>prodest</strong></span> 
     </span>
    </p>
   </div>
   <div class='ocr_carea' id='block_1_6' title="bbox 237 1504 1855 1833">
    <p class='ocr_par' dir='ltr' id='par_1_7' title="bbox 237 1504 1855 1833">
     <span class='ocr_line' id='line_1_12' title="bbox 237 1504 1855 1578; baseline 0.001 -18"><span class='ocrx_word' id='word_1_47' title='bbox 237 1512 272 1560; x_wconf 88' lang='lat'><strong>5</strong></span> <span class='ocrx_word' id='word_1_48' title='bbox 325 1505 597 1560; x_wconf 85' lang='lat' dir='ltr'><strong>aetherias</strong></span> <span class='ocrx_word' id='word_1_49' title='bbox 640 1514 938 1577; x_wconf 77' lang='lat' dir='ltr'><strong>temptasse</strong></span> <span class='ocrx_word' id='word_1_50' title='bbox 983 1507 1172 1559; x_wconf 89' lang='lat' dir='ltr'><strong>domos</strong></span> <span class='ocrx_word' id='word_1_51' title='bbox 1217 1504 1511 1578; x_wconf 88' lang='lat' dir='ltr'><strong>animoque</strong></span> <span class='ocrx_word' id='word_1_52' title='bbox 1555 1508 1855 1562; x_wconf 86' lang='lat' dir='ltr'><strong>rotundum</strong></span> 
     </span>
     <span class='ocr_line' id='line_1_13' title="bbox 408 1590 1311 1663; baseline 0 -17"><span class='ocrx_word' id='word_1_53' title='bbox 408 1590 744 1663; x_wconf 86' lang='lat' dir='ltr'><strong>percurrisse</strong></span> <span class='ocrx_word' id='word_1_54' title='bbox 787 1591 979 1663; x_wconf 87' lang='lat' dir='ltr'><strong>polum</strong></span> <span class='ocrx_word' id='word_1_55' title='bbox 1021 1592 1311 1646; x_wconf 85' lang='lat' dir='ltr'><strong>morituro.</strong></span> 
     </span>
     <span class='ocr_line' id='line_1_14' title="bbox 322 1675 1741 1749; baseline 0.001 -18"><span class='ocrx_word' id='word_1_56' title='bbox 322 1675 522 1731; x_wconf 87' lang='lat' dir='ltr'><strong>occidit</strong></span> <span class='ocrx_word' id='word_1_57' title='bbox 567 1683 623 1730; x_wconf 88' lang='lat' dir='ltr'><strong>et</strong></span> <span class='ocrx_word' id='word_1_58' title='bbox 664 1675 887 1746; x_wconf 90' lang='lat' dir='ltr'><strong>Pelopis</strong></span> <span class='ocrx_word' id='word_1_59' title='bbox 931 1677 1167 1749; x_wconf 87' lang='lat' dir='ltr'><strong>genitor,</strong></span> <span class='ocrx_word' id='word_1_60' title='bbox 1213 1676 1447 1731; x_wconf 86' lang='lat' dir='ltr'><strong>conviva</strong></span> <span class='ocrx_word' id='word_1_61' title='bbox 1490 1680 1741 1747; x_wconf 87' lang='lat' dir='ltr'><strong>deorum,</strong></span> 
     </span>
     <span class='ocr_line' id='line_1_15' title="bbox 409 1760 1396 1833; baseline 0.003 -19"><span class='ocrx_word' id='word_1_62' title='bbox 409 1760 790 1833; x_wconf 83' lang='lat' dir='ltr'><strong>Tithonusque</strong></span> <span class='ocrx_word' id='word_1_63' title='bbox 833 1770 1073 1816; x_wconf 88' lang='lat' dir='ltr'><strong>remotus</strong></span> <span class='ocrx_word' id='word_1_64' title='bbox 1117 1762 1175 1815; x_wconf 90' lang='lat' dir='ltr'><strong>in</strong></span> <span class='ocrx_word' id='word_1_65' title='bbox 1218 1781 1396 1829; x_wconf 85' lang='lat' dir='ltr'><strong>auras,</strong></span> 
     </span>
    </p>
   </div>
   <div class='ocr_carea' id='block_1_7' title="bbox 194 1888 1757 2217">
    <p class='ocr_par' dir='ltr' id='par_1_8' title="bbox 194 1888 1757 2217">
     <span class='ocr_line' id='line_1_16' title="bbox 324 1888 1757 1963; baseline 0 -19"><span class='ocrx_word' id='word_1_66' title='bbox 324 1897 382 1945; x_wconf 87' lang='lat' dir='ltr'><strong>et</strong></span> <span class='ocrx_word' id='word_1_67' title='bbox 424 1890 573 1944; x_wconf 83' lang='lat' dir='ltr'><strong>Iovis</strong></span> <span class='ocrx_word' id='word_1_68' title='bbox 619 1888 832 1944; x_wconf 89' lang='lat' dir='ltr'><strong>arcanis</strong></span> <span class='ocrx_word' id='word_1_69' title='bbox 875 1889 1061 1944; x_wconf 87' lang='lat' dir='ltr'><strong>Minos</strong></span> <span class='ocrx_word' id='word_1_70' title='bbox 1105 1890 1395 1957; x_wconf 88' lang='lat' dir='ltr'><strong>admissus,</strong></span> <span class='ocrx_word' id='word_1_71' title='bbox 1439 1891 1757 1963; x_wconf 81' lang='lat' dir='ltr'><strong>habentque</strong></span> 
     </span>
     <span class='ocr_line' id='line_1_17' title="bbox 194 1975 1453 2030; baseline -0.001 0"><span class='ocrx_word' id='word_1_72' title='bbox 194 1978 276 2030; x_wconf 87' lang='lat'><strong>10</strong></span> <span class='ocrx_word' id='word_1_73' title='bbox 411 1975 646 2029; x_wconf 85' lang='lat' dir='ltr'><strong>Tartara</strong></span> <span class='ocrx_word' id='word_1_74' title='bbox 687 1975 1034 2029; x_wconf 81' lang='lat' dir='ltr'><strong>Panthoiden</strong></span> <span class='ocrx_word' id='word_1_75' title='bbox 1074 1976 1279 2029; x_wconf 86' lang='lat' dir='ltr'><strong>iterum</strong></span> <span class='ocrx_word' id='word_1_76' title='bbox 1326 1993 1453 2030; x_wconf 90' lang='lat' dir='ltr'><strong>orco</strong></span> 
     </span>
     <span class='ocr_line' id='line_1_18' title="bbox 320 2059 1657 2133; baseline 0.002 -20"><span class='ocrx_word' id='word_1_77' title='bbox 320 2059 635 2128; x_wconf 87' lang='lat' dir='ltr'><strong>demissum,</strong></span> <span class='ocrx_word' id='word_1_78' title='bbox 682 2060 930 2133; x_wconf 84' lang='lat' dir='ltr'><strong>quamvis</strong></span> <span class='ocrx_word' id='word_1_79' title='bbox 976 2061 1153 2132; x_wconf 88' lang='lat' dir='ltr'><strong>clipeo</strong></span> <span class='ocrx_word' id='word_1_80' title='bbox 1199 2061 1443 2117; x_wconf 84' lang='lat' dir='ltr'><strong>Troiana</strong></span> <span class='ocrx_word' id='word_1_81' title='bbox 1483 2062 1657 2117; x_wconf 86' lang='lat' dir='ltr'><strong>refixo</strong></span> 
     </span>
     <span class='ocr_line' id='line_1_19' title="bbox 407 2146 1311 2217; baseline 0.001 -17"><span class='ocrx_word' id='word_1_82' title='bbox 407 2154 659 2217; x_wconf 86' lang='lat' dir='ltr'><strong>tempora</strong></span> <span class='ocrx_word' id='word_1_83' title='bbox 701 2154 936 2201; x_wconf 88' lang='lat' dir='ltr'><strong>testatus</strong></span> <span class='ocrx_word' id='word_1_84' title='bbox 982 2146 1120 2200; x_wconf 88' lang='lat' dir='ltr'><strong>nihil</strong></span> <span class='ocrx_word' id='word_1_85' title='bbox 1159 2147 1311 2201; x_wconf 87' lang='lat' dir='ltr'><strong>ultra</strong></span> 
     </span>
    </p>
   </div>
   <div class='ocr_carea' id='block_1_8' title="bbox 197 2276 1770 2586">
    <p class='ocr_par' dir='ltr' id='par_1_9' title="bbox 197 2276 1770 2586">
     <span class='ocr_line' id='line_1_20' title="bbox 323 2276 1770 2346; baseline 0.002 -20"><span class='ocrx_word' id='word_1_86' title='bbox 323 2291 522 2329; x_wconf 83' lang='lat' dir='ltr'><strong>nervos</strong></span> <span class='ocrx_word' id='word_1_87' title='bbox 566 2282 734 2346; x_wconf 88' lang='lat' dir='ltr'><strong>atque</strong></span> <span class='ocrx_word' id='word_1_88' title='bbox 778 2282 958 2329; x_wconf 86' lang='lat' dir='ltr'><strong>eutem</strong></span> <span class='ocrx_word' id='word_1_89' title='bbox 1001 2276 1166 2329; x_wconf 85' lang='lat' dir='ltr'><strong>morti</strong></span> <span class='ocrx_word' id='word_1_90' title='bbox 1209 2283 1557 2331; x_wconf 78' lang='lat' dir='ltr'><strong>concesserat</strong></span> <span class='ocrx_word' id='word_1_91' title='bbox 1601 2283 1770 2342; x_wconf 84' lang='lat' dir='ltr'><strong>atrae,</strong></span> 
     </span>
     <span class='ocr_line' id='line_1_21' title="bbox 406 2358 1383 2415; baseline 0.002 -2"><span class='ocrx_word' id='word_1_92' title='bbox 406 2358 589 2414; x_wconf 87' lang='lat' dir='ltr'><strong>iudice</strong></span> <span class='ocrx_word' id='word_1_93' title='bbox 635 2368 690 2413; x_wconf 88' lang='lat' dir='ltr'><strong>te</strong></span> <span class='ocrx_word' id='word_1_94' title='bbox 733 2378 844 2413; x_wconf 90' lang='lat' dir='ltr'><strong>non</strong></span> <span class='ocrx_word' id='word_1_95' title='bbox 889 2360 1142 2414; x_wconf 87' lang='lat' dir='ltr'><strong>sordidus</strong></span> <span class='ocrx_word' id='word_1_96' title='bbox 1188 2370 1383 2415; x_wconf 86' lang='lat' dir='ltr'><strong>auctor</strong></span> 
     </span>
     <span class='ocr_line' id='line_1_22' title="bbox 197 2445 1743 2516; baseline 0.001 -16"><span class='ocrx_word' id='word_1_97' title='bbox 197 2451 272 2500; x_wconf 79' lang='lat'><strong>15</strong></span> <span class='ocrx_word' id='word_1_98' title='bbox 320 2452 548 2499; x_wconf 83' lang='lat' dir='ltr'><strong>naturae</strong></span> <span class='ocrx_word' id='word_1_99' title='bbox 591 2446 835 2516; x_wconf 86' lang='lat' dir='ltr'><strong>verique.</strong></span> <span class='ocrx_word' id='word_1_100' title='bbox 882 2447 982 2500; x_wconf 85' lang='lat' dir='ltr'><strong>sed</strong></span> <span class='ocrx_word' id='word_1_101' title='bbox 1025 2445 1200 2500; x_wconf 88' lang='lat' dir='ltr'><strong>omnis</strong></span> <span class='ocrx_word' id='word_1_102' title='bbox 1246 2464 1356 2501; x_wconf 88' lang='lat' dir='ltr'><strong>una</strong></span> <span class='ocrx_word' id='word_1_103' title='bbox 1398 2454 1587 2501; x_wconf 84' lang='lat' dir='ltr'><strong>manet</strong></span> <span class='ocrx_word' id='word_1_104' title='bbox 1628 2465 1743 2501; x_wconf 83' lang='lat' dir='ltr'><strong>nox</strong></span> 
     </span>
     <span class='ocr_line' id='line_1_23' title="bbox 407 2530 1277 2586; baseline -0.001 -1"><span class='ocrx_word' id='word_1_105' title='bbox 407 2539 465 2585; x_wconf 88' lang='lat' dir='ltr'><strong>et</strong></span> <span class='ocrx_word' id='word_1_106' title='bbox 508 2531 772 2585; x_wconf 81' lang='lat' dir='ltr'><strong>calcanda</strong></span> <span class='ocrx_word' id='word_1_107' title='bbox 815 2531 982 2585; x_wconf 86' lang='lat' dir='ltr'><strong>semel</strong></span> <span class='ocrx_word' id='word_1_108' title='bbox 1026 2530 1117 2585; x_wconf 85' lang='lat' dir='ltr'><strong>via</strong></span> <span class='ocrx_word' id='word_1_109' title='bbox 1160 2531 1277 2586; x_wconf 82' lang='lat' dir='ltr'><strong>leti.</strong></span> 
     </span>
    </p>
   </div>
   <div class='ocr_carea' id='block_1_9' title="bbox 205 2658 2035 2988">
    <p class='ocr_par' dir='ltr' id='par_1_10' title="bbox 205 2658 2035 2988">
     <span class='ocr_line' id='line_1_24' title="bbox 323 2658 1676 2731; baseline 0.001 -19"><span class='ocrx_word' id='word_1_110' title='bbox 323 2660 458 2713; x_wconf 86' lang='lat' dir='ltr'><strong>dant</strong></span> <span class='ocrx_word' id='word_1_111' title='bbox 499 2659 637 2713; x_wconf 89' lang='lat' dir='ltr'><strong>alios</strong></span> <span class='ocrx_word' id='word_1_112' title='bbox 680 2658 883 2713; x_wconf 86' lang='lat' dir='ltr'><strong>Furiae</strong></span> <span class='ocrx_word' id='word_1_113' title='bbox 924 2666 1084 2713; x_wconf 85' lang='lat' dir='ltr'><strong>torvo</strong></span> <span class='ocrx_word' id='word_1_114' title='bbox 1129 2660 1447 2731; x_wconf 90' lang='lat' dir='ltr'><strong>spectacula</strong></span> <span class='ocrx_word' id='word_1_115' title='bbox 1487 2659 1676 2728; x_wconf 87' lang='lat' dir='ltr'><strong>Marti,</strong></span> 
     </span>
     <span class='ocr_line' id='line_1_25' title="bbox 407 2744 1426 2799; baseline 0 0"><span class='ocrx_word' id='word_1_116' title='bbox 407 2744 578 2799; x_wconf 79' lang='lat' dir='ltr'><strong>exitio</strong></span> <span class='ocrx_word' id='word_1_117' title='bbox 623 2752 706 2799; x_wconf 87' lang='lat' dir='ltr'><strong>est</strong></span> <span class='ocrx_word' id='word_1_118' title='bbox 749 2745 971 2798; x_wconf 89' lang='lat' dir='ltr'><strong>avidum</strong></span> <span class='ocrx_word' id='word_1_119' title='bbox 1016 2762 1166 2798; x_wconf 84' lang='lat' dir='ltr'><strong>mare</strong></span> <span class='ocrx_word' id='word_1_120' title='bbox 1211 2745 1426 2799; x_wconf 86' lang='lat' dir='ltr'><strong>nautis:</strong></span> 
     </span>
     <span class='ocr_line' id='line_1_26' title="bbox 319 2827 2035 2898; baseline -0.002 -13"><span class='ocrx_word' id='word_1_121' title='bbox 319 2830 481 2886; x_wconf 85' lang='lat' dir='ltr'><strong>mista</strong></span> <span class='ocrx_word' id='word_1_122' title='bbox 523 2848 716 2884; x_wconf 86' lang='lat' dir='ltr'><strong>senum</strong></span> <span class='ocrx_word' id='word_1_123' title='bbox 764 2827 878 2898; x_wconf 87' lang='lat' dir='ltr'><strong>[ac]</strong></span> <span class='ocrx_word' id='word_1_124' title='bbox 925 2831 1184 2884; x_wconf 82' lang='lat' dir='ltr'><strong>iuvenum</strong></span> <span class='ocrx_word' id='word_1_125' title='bbox 1227 2831 1529 2886; x_wconf 81' lang='lat' dir='ltr'><strong>densentur</strong></span> <span class='ocrx_word' id='word_1_126' title='bbox 1570 2831 1779 2898; x_wconf 81' lang='lat' dir='ltr'><strong>funera,</strong></span> <span class='ocrx_word' id='word_1_127' title='bbox 1824 2828 2035 2884; x_wconf 87' lang='lat' dir='ltr'><strong>nullum</strong></span> 
     </span>
     <span class='ocr_line' id='line_1_27' title="bbox 205 2915 1367 2988; baseline -0.002 -16"><span class='ocrx_word' id='word_1_128' title='bbox 205 2919 282 2972; x_wconf 80' lang='lat'><strong>20</strong></span> <span class='ocrx_word' id='word_1_129' title='bbox 412 2933 575 2970; x_wconf 84' lang='lat' dir='ltr'><strong>saeva</strong></span> <span class='ocrx_word' id='word_1_130' title='bbox 620 2923 786 2987; x_wconf 89' lang='lat' dir='ltr'><strong>caput</strong></span> <span class='ocrx_word' id='word_1_131' title='bbox 827 2915 1163 2987; x_wconf 85' lang='lat' dir='ltr'><strong>Proserpina</strong></span> <span class='ocrx_word' id='word_1_132' title='bbox 1205 2915 1367 2988; x_wconf 82' lang='lat' dir='ltr'><strong>sugit.</strong></span> 
     </span>
    </p>
   </div>
   <div class='ocr_carea' id='block_1_10' title="bbox 317 3042 1847 3374">
    <p class='ocr_par' dir='ltr' id='par_1_11' title="bbox 317 3042 1675 3200">
     <span class='ocr_line' id='line_1_28' title="bbox 317 3042 1675 3116; baseline -0.001 -17"><span class='ocrx_word' id='word_1_133' title='bbox 317 3062 403 3099; x_wconf 89' lang='lat' dir='ltr'><strong>me</strong></span> <span class='ocrx_word' id='word_1_134' title='bbox 448 3062 670 3116; x_wconf 89' lang='lat' dir='ltr'><strong>quoque</strong></span> <span class='ocrx_word' id='word_1_135' title='bbox 715 3044 917 3099; x_wconf 85' lang='lat' dir='ltr'><strong>devexi</strong></span> <span class='ocrx_word' id='word_1_136' title='bbox 959 3043 1185 3115; x_wconf 86' lang='lat' dir='ltr'><strong>rapidus</strong></span> <span class='ocrx_word' id='word_1_137' title='bbox 1225 3062 1406 3099; x_wconf 88' lang='lat' dir='ltr'><strong>comes</strong></span> <span class='ocrx_word' id='word_1_138' title='bbox 1453 3042 1675 3099; x_wconf 87' lang='lat' dir='ltr'><strong>Orionis</strong></span> 
     </span>
     <span class='ocr_line' id='line_1_29' title="bbox 402 3128 1303 3200; baseline 0.001 -18"><span class='ocrx_word' id='word_1_139' title='bbox 402 3128 640 3200; x_wconf 78' lang='lat' dir='ltr'><strong>Illyricis</strong></span> <span class='ocrx_word' id='word_1_140' title='bbox 681 3138 846 3184; x_wconf 88' lang='lat' dir='ltr'><strong>notus</strong></span> <span class='ocrx_word' id='word_1_141' title='bbox 891 3129 1075 3183; x_wconf 88' lang='lat' dir='ltr'><strong>obruit</strong></span> <span class='ocrx_word' id='word_1_142' title='bbox 1118 3129 1303 3183; x_wconf 87' lang='lat' dir='ltr'><strong>undis.</strong></span> 
     </span>
    </p>

    <p class='ocr_par' dir='ltr' id='par_1_12' title="bbox 321 3215 1847 3374">
     <span class='ocr_line' id='line_1_30' title="bbox 321 3215 1847 3289; baseline -0.001 -18"><span class='ocrx_word' id='word_1_143' title='bbox 321 3226 378 3271; x_wconf 86' lang='lat' dir='ltr'><strong>at</strong></span> <span class='ocrx_word' id='word_1_144' title='bbox 421 3224 500 3282; x_wconf 90' lang='lat' dir='ltr'><strong>tu,</strong></span> <span class='ocrx_word' id='word_1_145' title='bbox 546 3222 736 3285; x_wconf 84' lang='lat' dir='ltr'><strong>nauta,</strong></span> <span class='ocrx_word' id='word_1_146' title='bbox 783 3231 957 3285; x_wconf 82' lang='lat' dir='ltr'><strong>vagae</strong></span> <span class='ocrx_word' id='word_1_147' title='bbox 999 3232 1071 3268; x_wconf 89' lang='lat' dir='ltr'><strong>ne</strong></span> <span class='ocrx_word' id='word_1_148' title='bbox 1114 3232 1281 3286; x_wconf 85' lang='lat' dir='ltr'><strong>parce</strong></span> <span class='ocrx_word' id='word_1_149' title='bbox 1324 3215 1597 3289; x_wconf 85' lang='lat' dir='ltr'><strong>malignus</strong></span> <span class='ocrx_word' id='word_1_150' title='bbox 1642 3230 1847 3269; x_wconf 84' lang='lat' dir='ltr'><strong>arenae</strong></span> 
     </span>
     <span class='ocr_line' id='line_1_31' title="bbox 407 3298 1263 3374; baseline -0.002 -17"><span class='ocrx_word' id='word_1_151' title='bbox 407 3301 620 3357; x_wconf 89' lang='lat' dir='ltr'><strong>ossibus</strong></span> <span class='ocrx_word' id='word_1_152' title='bbox 667 3308 724 3356; x_wconf 92' lang='lat' dir='ltr'><strong>et</strong></span> <span class='ocrx_word' id='word_1_153' title='bbox 768 3298 936 3374; x_wconf 83' lang='lat' dir='ltr'><strong>capiti</strong></span> <span class='ocrx_word' id='word_1_154' title='bbox 978 3300 1263 3355; x_wconf 89' lang='lat' dir='ltr'><strong>inhumato</strong></span> 
     </span>
    </p>
   </div>
   <div class='ocr_carea' id='block_1_11' title="bbox 203 3427 1972 3588">
    <p class='ocr_par' dir='ltr' id='par_1_13' title="bbox 203 3427 1972 3588">
     <span class='ocr_line' id='line_1_32' title="bbox 203 3427 1972 3504; baseline -0.003 -15"><span class='ocrx_word' id='word_1_155' title='bbox 203 3438 272 3489; x_wconf 84' lang='lat'><strong>25</strong></span> <span class='ocrx_word' id='word_1_156' title='bbox 315 3430 640 3504; x_wconf 84' lang='lat' dir='ltr'><strong>particulam</strong></span> <span class='ocrx_word' id='word_1_157' title='bbox 684 3431 846 3484; x_wconf 88' lang='lat' dir='ltr'><strong>dare:</strong></span> <span class='ocrx_word' id='word_1_158' title='bbox 907 3428 1005 3496; x_wconf 89' lang='lat' dir='ltr'><strong>sic,</strong></span> <span class='ocrx_word' id='word_1_159' title='bbox 1051 3429 1421 3501; x_wconf 88' lang='lat' dir='ltr'><strong>quodcunque</strong></span> <span class='ocrx_word' id='word_1_160' title='bbox 1464 3427 1764 3483; x_wconf 88' lang='lat' dir='ltr'><strong>minabitur</strong></span> <span class='ocrx_word' id='word_1_161' title='bbox 1806 3444 1972 3483; x_wconf 84' lang='lat' dir='ltr'><strong>eurus</strong></span> 
     </span>
     <span class='ocr_line' id='line_1_33' title="bbox 403 3513 1380 3588; baseline -0.003 -16"><span class='ocrx_word' id='word_1_162' title='bbox 403 3518 659 3572; x_wconf 85' lang='lat' dir='ltr'><strong>fiuctibus</strong></span> <span class='ocrx_word' id='word_1_163' title='bbox 703 3514 1012 3588; x_wconf 79' lang='lat' dir='ltr'><strong>Hesperiis,</strong></span> <span class='ocrx_word' id='word_1_164' title='bbox 1059 3513 1380 3570; x_wconf 87' lang='lat' dir='ltr'><strong>Venusinae</strong></span> 
     </span>
    </p>
   </div>
  </div>
 </body>
</html>
