2459 3959
863 311 1008 366 LIB.
1037 310 1118 364 Π.
1171 316 1418 365 18—14
2049 306 2137 366 45

305 462 452 534 quid
495 462 696 518 mirum
738 464 836 520 ubi
879 464 990 520 illis
1037 463 1373 520 carminibus
1420 473 1653 537 stupens

305 549 561 604 demittit
603 560 752 606 atras
797 551 964 604 belua
1007 549 1289 621 centiceps

174 641 250 688 35
397 635 548 690 auris
593 645 650 691 et
692 636 888 690 intorti
933 635 1147 707 capillis

482 721 860 776 Eumenidum
903 727 1221 776 recreantur
1267 722 1511 794 angues?

305 891 446 962 quin
491 899 550 946 et
590 892 954 946 Prometheus
1001 899 1058 944 et
1099 891 1325 963 Pelopis
1369 912 1568 965 parens

303 977 459 1031 dulci
503 977 752 1032 laborum
799 977 1077 1048 decipitur
1119 995 1274 1044 son0,

395 1081 499 1118 nec
545 1071 700 1117 curat
747 1062 920 1117 Orion
967 1063 1157 1116 leones

165 1153 244 1202 40
478 1156 575 1202 aut
618 1148 842 1204 timidos
888 1147 1100 1220 agitare
1143 1149 1356 1219 lyncas.

1081 1429 1228 1485 XIV

297 1575 464 1630 Eheu
509 1573 752 1644 fugaces,
797 1573 1061 1628 Postume
1105 1575 1387 1644 Postume,

301 1661 572 1717 labuntur
615 1659 761 1724 anni,
806 1677 910 1712 nec
953 1659 1131 1730 pietas
1177 1679 1388 1716 moram

386 1745 542 1818 rugis
587 1751 644 1797 et
685 1743 916 1798 instanti
960 1753 1215 1800 senectae

474 1831 690 1885 adferet
731 1829 1146 1902 indomitaeque
1191 1831 1389 1902 morti3

209 2011 244 2060 5
299 2021 437 2072 non,
485 2002 532 2057 si
575 2000 810 2056 trecenis
853 2010 1130 2073 quotquot
1173 2012 1311 2057 eunt
1354 2004 1491 2073 dies,

298 2089 494 2154 amice,
535 2089 726 2161 places
770 2087 1224 2141 inlacrimabilem

387 2174 628 2230 Plutona
672 2173 862 2237 tauris,
911 2173 1007 2244 qui
1051 2182 1137 2228 ter
1183 2175 1425 2246 amplum

476 2259 771 2331 Geryonen
818 2258 1134 2330 Tityonque
1180 2260 1327 2314 tristi

297 2431 585 2503 conpescit
626 2433 790 2500 unda,
837 2429 1049 2484 scilicet
1094 2431 1347 2486 omnibus

167 2525 246 2575 10
297 2517 616 2590 quicunque
657 2527 836 2571 terrae
879 2534 1107 2571 munere
1152 2517 1429 2572 vescimur

386 2603 746 2674 enaviganda‚
795 2601 911 2657 sive
954 2620 1116 2672 reges

473 2687 590 2743 sive
632 2688 828 2761 inopes
874 2689 1078 2743 erimus
1122 2686 1326 2743 coloni.

293 2859 502 2914 frustra
543 2869 768 2916 cruento
806 2861 991 2915 Marte
1036 2861 1340 2916 carebimus

292 2945 590 3018 fractisque
634 2946 791 3000 rauci
833 2947 1092 3002 fluctibus
1136 2948 1403 3014 Hadriae,

166 3037 244 3086 15
379 3031 583 3086 frustra
625 3051 725 3104 per
771 3040 1065 3086 autumnos
1110 3042 1401 3086 nocentem

469 3117 789 3189 corporibus
835 3127 1144 3173 metuemus
1189 3127 1454 3173 austrum.
1536 3187 1538 3189 ι

291 3287 553 3343 visendus
599 3297 718 3358 ater
759 3290 986 3344 flumine
1030 3288 1292 3360 languido

294 3373 534 3444 Cocytus
580 3393 766 3429 errans
811 3386 868 3429 et
909 3374 1092 3430 Danai
1136 3393 1313 3446 genus

375 3458 576 3513 infame
621 3463 1019 3532 damnatusque
1063 3460 1218 3530 longi

163 3545 244 3599 20
465 3544 735 3618 Sisyphus
780 3544 1042 3601 Aeolides
1089 3543 1327 3614 laboris;
