2459 3959
853 337 1086 391 LIBER
1127 337 1206 390 1„
1231 344 1382 391 9—-1
1404 345 1435 392 ο
2012 321 2140 393 163

303 491 552 545 difficilis
598 491 781 544 aditus
824 488 1034 562 primos
1074 481 1285 546 habet.’
1333 490 1498 546 ‘haud
1542 491 1679 546 mihi
1725 492 1925 543 deero:

309 576 634 630 muneribus
681 593 870 630 servos
915 593 1295 648 corrumpam3
1344 595 1471 643 non,
1516 577 1684 631 hodie
1727 575 1771 630 si

312 661 574 717 exclusus
617 663 792 726 fuero,
839 661 1138 716 desistam:
1180 671 1435 734 tempora
1478 680 1760 734 quaeram,

311 763 600 801 occurram
628 746 700 799 >in
745 745 944 812 triviis,
989 748 1279 801 deducam.
1324 747 1403 801 nil
1448 747 1567 802 sine
1609 765 1811 819 magno

165 838 263 888 450
314 832 434 886 vita
476 832 668 886 labore
713 831 867 886 dedit
912 833 1280 887 mortalibus?
1325 833 1463 886 haee
1507 835 1639 887 dum
1684 833 1817 904 agit,
1864 847 1989 889 ecce

311 917 528 972 Fuscus
572 916 816 971 Aristius
861 917 1121 985 occurrit,
1167 917 1305 971 mihi
1350 935 1507 972 carus
1554 928 1611 973 et
1656 918 1811 972 illum

317 1003 418 1074 qui
461 1003 692 1074 pulchre
721 1009 929 1056 nosset.
977 1002 1351 1059 consistimus.
1400 1001 1567 1058 ‘unde
1610 1003 1768 1057 venis
1787 1003 1829 1055 ?’
1876 1013 1933 1057 et

317 1085 448 1160 ‘quo
491 1087 676 1142 tendis
692 1075 735 1140 ’.θ’
781 1095 946 1159 rogat
989 1095 1047 1142 et
1089 1090 1427 1160 respondet.-
1457 1089 1667 1144 vellere
1714 1087 1889 1160 coepi,

314 1183 374 1228 et
419 1191 682 1246 prensare
727 1190 894 1226 manu
937 1172 1250 1227 lentissima
1289 1173 1536 1242 brachia,
1584 1181 1809 1239 nutans,

165 1262 256 1313 65
309 1258 666 1331 distorquens
712 1258 922 1326 oeulos,
967 1265 1030 1311 ut
1072 1277 1161 1314 me
1207 1257 1472 1330 eriperet.
1517 1259 1661 1314 male
1706 1259 1882 1312 salsus

304 1345 499 1398 ridens
545 1342 928 1411 dissimulare3
972 1362 1156 1399 meum
1201 1343 1357 1398 ieeur
1400 1362 1565 1399 urere
1609 1343 1795 1399 bilis.-

311 1425 490 1484 ‘oerte
535 1428 724 1484 nescio
770 1429 908 1500 quid
951 1438 1167 1484 secreto
1210 1429 1360 1484 velle
1403 1430 1559 1502 loqui
1603 1439 1662 1485 te

307 1514 498 1569 aiebas
543 1505 802 1569 meeum.'
849 1513 1094 1569 ‘memini
1140 1516 1305 1581 bene,
1352 1517 1451 1570 sed
1496 1515 1727 1570 meliore

310 1606 563 1672 tempore
607 1599 818 1653 dicam:
862 1599 1030 1654 hodie
1074 1598 1359 1655 tricesima
1404 1601 1667 1655 sabbata:
1700 1600 1808 1656 ³vin
1852 1608 1915 1655 tu

169 1690 258 1738 '20
309 1685 484 1738 curtis
527 1683 751 1738 Iudaeis
797 1685 1078 1756 oppedere
1094 1685 1138 1738 ‘2’
1183 1682 1360 1738 ‘nulla
1401 1685 1554 1740 mihi’
1597 1686 1825 1758 inquam

310 1767 548 1840 ‘relligio
595 1770 722 1824 est.'
769 1766 849 1824 ‘at
890 1769 996 1823 mi:
1042 1788 1161 1824 sum
1205 1770 1398 1841 paullo
1440 1771 1730 1838 infirmior,
1778 1787 1919 1826 unus

309 1854 638 1910 multorum.
683 1854 974 1926 ignosces:
1023 1855 1159 1908 alias
1203 1855 1442 1926 loquar!
1486 1857 1725 1912 huncine
1770 1857 1943 1911 solem

307 1948 426 1995 tam
470 1939 690 2011 nigrum
736 1957 964 1994 surrexe
1007 1940 1172 1994 mihil
1219 1941 1365 2010 fugit
1406 1941 1673 2015 inprobus
1720 1959 1787 1996 ao
1830 1960 1919 1996 me

312 2027 417 2080 sub
463 2025 643 2080 cultro
687 2024 909 2097 linquit.
956 2042 1086 2080 casu
1129 2024 1287 2080 venit
1330 2027 1531 2082 obvius
1576 2027 1661 2081 illi

181 2119 216 2165 7
229 2117 260 2166 5
311 2110 664 2166 adversarius
709 2118 768 2164 et
812 2107 941 2182 ‘quo
985 2120 1048 2164 tu
1094 2110 1475 2184 turpissime?
1519 2130 1720 2184 magna

310 2196 578 2251 inclamat
619 2209 775 2262 voce,
822 2206 880 2250 et
924 2193 1080 2252 ‘lieet
1123 2197 1394 2252 antestari
1411 2197 1457 2250 ’θ’
1502 2215 1608 2270 ego
1652 2215 1784 2252 vero

317 2283 543 2354 adpono
579 2281 912 2336 auriculam.
959 2282 1106 2354 rapit
1149 2282 1207 2335 in
1253 2282 1373 2336 ius:
1418 2283 1627 2338 clamor
1670 2283 1970 2356 utrimque,

318 2367 572 2439 undique
618 2382 943 2422 concursus.
989 2368 1069 2422 sic
1112 2384 1201 2421 me
1248 2369 1489 2423 servavit
1529 2368 1756 2440 Apollo.

1143 2649 1205 2704 X

309 2793 547 2863 [Lucili‚
593 2811 759 2867 quam
805 2794 877 2849 sis
923 2795 1239 2862 mendosu5‚
1285 2802 1427 2850 teste
1474 2794 1683 2850 Catone

317 2883 614 2936 defensore
657 2889 758 2934 tuo
801 2880 1137 2952 pervincum,
1186 2880 1284 2952 qui
1328 2881 1470 2934 male
1513 2881 1688 2935 factos

319 2967 616 3022 emendare
659 2973 823 3037 parat
864 2984 1076 3033 versus,
1125 2967 1228 3020 hoo
1270 2965 1449 3020 lenius
1494 2965 1614 3033 ille,

313 3070 426 3125 quo
473 3049 669 3106 melior
713 3049 804 3104 vir
844 3059 901 3106 et
945 3059 1032 3106 est
1075 3052 1243 3124 longe
1287 3051 1545 3106 subtilior
1586 3050 1686 3105 illo

217 3143 264 3192 -5
318 3136 416 3210 qui
457 3137 694 3190 multum
737 3151 878 3208 puer
921 3144 978 3190 et
1019 3135 1154 3191 loris
1199 3144 1257 3191 et
1298 3135 1525 3190 funibus
1572 3135 1695 3188 udis

243 3290 250 3294 ,
317 3223 661 3287 exhortatus,
717 3229 780 3275 ut
825 3229 974 3276 esset
1017 3239 1178 3294 opem
1222 3221 1321 3293 qui
1365 3223 1509 3275 ferre
1552 3221 1733 3292 poetis

317 3305 565 3380 antiquis
610 3313 803 3379 posset
847 3313 1044 3363 eontra
1087 3306 1313 3361 fastidia
1350 3313 1564 3372 nostra,

315 3391 802 3466 grammaticorum
831 3391 1083 3465 equitum
1111 3390 1481 3448 doctissimus.
1526 3398 1591 3446 ut
1633 3394 1857 3448 redeam
1899 3391 2080 3464 illuo,]

317 3477 539 3551 Nempe
580 3476 934 3550 inconposito
979 3476 1099 3532 dixi
1139 3478 1287 3550 pede
1334 3489 1556 3532 currere
1598 3494 1791 3534 versus

195 3565 278 3620 10
323 3562 529 3619 Lucili.
579 3551 704 3634 quis
747 3570 858 3618 tam
903 3561 1086 3618 Lucili
1109 3563 1317 3618 ·sautor
1358 3561 1545 3636 inepte
1588 3571 1692 3700 eizti
1713 3644 1736 3668 ιι
