2459 3959
1909 308 2136 355 xxxlx

191 462 370 505 unus
415 440 526 506 ille
569 442 858 506 omnium
903 442 1385 507 vetustissimus
1430 442 1624 507 fuerit.
1654 443 1683 525 Η
1718 442 1798 506 14
1833 442 2136 529 expulerit

188 524 355 591 ΒΜ.
401 529 704 592 emtuderit
745 550 833 612 vg
859 528 889 609 ΙΙ
921 531 994 594 21
1036 548 1225 613 neque
1255 539 1459 592 ostrea
1480 552 1501 591 .·
1545 528 1629 592 cf.
1659 527 1925 591 Lachm.
1950 527 2031 590 ad
2054 527 2136 592 L.

188 633 256 696 p.
287 614 415 677 122
451 626 582 677 ext.
615 611 710 676 M.
759 612 842 676 ad
874 612 957 677 E.
981 616 1041 678 2.
1073 617 1178 679 35.
1208 614 1341 693 (nec
1366 624 1569 678 ostrea
1597 628 1743 676 ante
1764 610 1849 695 B)
1880 613 1913 695 11
1946 618 2026 679 29
2059 613 2138 676 de

191 697 314 763 hoe
361 699 511 763 loco
555 698 812 784 egregie
869 698 1226 783 disputavit
1286 698 1354 761 in
1399 698 1599 783 praef.
1642 718 1829 763 xxvn
1873 719 1967 779 eq.
2015 696 2133 777 Μ.,

193 784 294 847 cui
344 793 463 846 aut
506 783 878 848 inserendus
922 796 1070 869 post
1111 784 1226 847 illa
1276 784 1531 847 videtur
1562 804 1708 848 esse
1743 806 1967 849 versus
2003 784 2136 848 fere

191 866 392 932 huius
439 869 616 933 modi
657 869 920 935 delector
929 892 952 947 3
989 869 1243 955 pulchri
1268 872 1421 955 quid
1450 869 1630 934 habet
1662 868 1958 934 iunoniics
1988 870 2137 952 ales,

192 965 302 1017 aut
371 955 592 1037 potius
655 956 791 1039 ipse
847 977 908 1019 v.
957 956 1038 1021 29
1085 954 1347 1021 omnino
1392 953 1772 1019 abiciendus
1819 968 2129 1039 tanquam

194 1038 300 1103 ‘ab
369 1037 849 1124 interpolati-ico
914 1062 1110 1103 manu
1177 1040 1511 1104 intrusus?
1582 1037 1733 1103 hine
1809 1040 1936 1103 iam
2007 1040 2131 1122 Ply

190 1145 458 1188 versum
521 1135 901 1209 suspectum
969 1124 1154 1189 uncis
1211 1124 1479 1189 inclusit
1533 1124 1559 1207 ss
1610 1125 1771 1189 nihil
1824 1124 1980 1188 ΒΜ.
2040 1126 2134 1189 m‘l

189 1208 368 1293 HPy
400 1210 424 1287 ΙΙ
453 1209 627 1273 illam
661 1259 673 1272 .
710 1256 725 1273 .
767 1222 822 1275 te
855 1224 1061 1295 petere
1103 1222 1224 1275 esto
1270 1207 1473 1275 Orell.
1522 1211 1741 1295 quode
1776 1212 1931 1274 satis
1967 1211 2133 1273 dixit

185 1294 230 1359 l.
272 1295 314 1361 l.
351 1293 425 1357 M
455 1294 482 1375 ΙΙ
513 1297 595 1360 38
642 1296 1042 1380 suspectavit
1087 1295 1143 1359 B
1188 1295 1273 1359 ad
1311 1296 1436 1381 Ep.
1466 1293 1551 1359 ΙΙ.
1588 1297 1644 1360 3.
1671 1300 1795 1361 337
1828 1297 1857 1376 ΙΙ
1888 1296 1969 1361 48
1994 1309 2135 1361 tunc

188 1377 449 1467 Or.Ply
479 1380 507 1462 ΙΙ
539 1404 806 1466 aequora
829 1382 1072 1446 alebant
1103 1404 1184 1445 ex
1213 1389 1362 1444 ‘uno
1387 1380 1647 1446 Bland.'
1665 1380 1887 1445 BHM.
1910 1405 2135 1467 aequor

186 1466 390 1531 alebat
428 1465 556 1550 Ply
584 1468 614 1549 ΙΙ
644 1469 724 1532 53
770 1468 1038 1532 distabat
1071 1464 1160 1531 Cr
1212 1511 1229 1529 .
1269 1465 1397 1549 Ply
1428 1466 1453 1548 ΙΙ
1486 1464 1571 1531 56
1609 1468 1859 1532 ductum
1895 1466 2130 1531 Bland.

187 1562 320 1614 ant.
369 1561 432 1615 et
466 1551 574 1615 alii
616 1550 766 1615 libri
800 1553 1012 1637 pauci,
1054 1551 1185 1615 BH
1265 1551 1412 1635 Ply.
1456 1551 1691 1616 dictum
1716 1574 1805 1637 vg
1834 1554 1862 1633 ΙΙ
1892 1554 1973 1617 65
2012 1576 2135 1638 qua

189 1660 314 1701 non
379 1639 649 1723 offendat
713 1660 795 1701 ex
839 1636 1118 1701 Blandd.
1185 1650 1249 1701 et
1296 1638 1557 1701 Acrone
1603 1636 1956 1723 BHMPly.
2026 1641 2138 1725 qui

190 1746 254 1786 n.
304 1724 563 1808 offendet
611 1719 765 1807 er.
823 1724 935 1809 qui
991 1748 1052 1787 n.
1099 1724 1371 1810 offendat
1410 1720 1685 1791 Kirohn.
1733 1726 1763 1807 ΙΙ
1813 1729 1898 1792 68
1940 1746 2134 1809 neque

189 1818 344 1887 ante
370 1806 598 1887 Β1185
646 1819 702 1872 et
750 1830 895 1873 oum
921 1806 1116 1873 Goth.
1167 1812 1204 1875 2
1252 1809 1315 1869 et
1360 1807 1442 1872 al.
1474 1808 1662 1874 codd.
1682 1808 1960 1875 Kirehn.
2006 1812 2131 1873 om.

185 1893 347 1956 Fea.
393 1890 518 1974 Ply
569 1892 597 1975 Η
651 1896 730 1957 95
791 1906 1034 1993 occupet
1087 1916 1169 1957 ex
1214 1891 1455 1957 Blan'd.
1518 1905 1649 1957 ant.
1696 1894 1958 1979 BHPly
2018 1893 2131 1976 (de

189 1975 392 2043 Goth.
440 1980 477 2043 2
525 1977 651 2043 sori
701 1992 845 2043 tura
889 1979 1197 2044 dlfferunt
1231 1976 1505 2041 Kirchn.
1552 1992 1616 2041 et
1658 1978 1831 2063 Ply).
1876 1991 2131 2063 occupat

185 2062 248 2127 B
295 2062 362 2125 in
409 2062 560 2127 adn.
608 2001 713 2140 bf,
759 2085 1036 2147 quorum
1084 2063 1188 2129 hio
1232 2074 1383 2144 post
1427 2063 1769 2129 humanam,
1802 2064 2129 2149 virgulam

181 2147 412 2232 posuit
455 2151 480 2231 ss
523 2152 604 2214 99
649 2151 856 2235 inquis
901 2161 1050 2221 ante
1094 2147 1153 2213 B
1187 2150 1211 2228 ΙΙ
1254 2150 1555 2214 Transiit&
1598 2148 1881 2215 Blandd.
1933 2147 2132 2215 Goth.

183 2236 224 2299 2
271 2233 352 2297 Β.
403 2234 510 2297 alii
557 2233 738 2297 aliter
769 2233 794 2315 ΙΙ
830 2234 952 2301 106
999 2237 1111 2299 tihi
1149 2245 1307 2299 recte
1352 2233 1558 2298 BHM
1604 2234 1704 2313 (of.
1760 2235 1843 2299 ad
1888 2232 1953 2299 S.
1985 2233 2039 2298 I.
2078 2239 2133 2298 1.

187 2318 297 2383 28.
361 2320 474 2384 tibi
529 2330 728 2385 rectae
769 2318 1003 2382 Bland.
1061 2333 1191 2382 ant.
1236 2330 1437 2383 rectae
1482 2322 1599 2386 tibi
1638 2320 1765 2406 Ply
1816 2322 1840 2402 ΙΙ
1899 2320 2021 2385 124
2064 2334 2132 2383 ut

184 2405 388 2469 culmo
414 2403 633 2469 veluti
653 2406 866 2479 culmo,
917 2407 1038 2471 132
1059 2417 1368 2490 postremo
1395 2417 1543 2469 ante
1570 2405 1647 2471 B.
1674 2440 1755 2455 —·-
1782 2404 1979 2471 SAT.
2004 2405 2128 2470 III.

185 2490 246 2553 εἰ
299 2511 448 2554 raro
505 2491 720 2555 ‚sm-ibis
778 2489 970 2554 codd.
1031 2502 1093 2553 et
1161 2489 1305 2553 edd.
1352 2492 1496 2573 vg'„
1558 2493 1761 2575 quod.
1800 2493 1951 2557 ferri
1998 2514 2129 2556 non

185 2596 389 2657 posse
455 2574 584 2637 iam
630 2574 686 2637 B
730 2574 931 2649 vidit,
997 2575 1265 2640 Lachm.
1311 2575 1685 2641 adcuratius
1742 2576 2133 2663 significavit

189 2664 276 2740 (v.
342 2660 634 2723 ante-ad
690 2658 764 2725 C.
812 2658 862 2723 I.
911 2664 966 2725 3.
1013 2661 1142 2737 36).
1212 2671 1277 2725 tu
1344 2672 1496 2724 ante
1561 2674 1632 2727 ut
1693 2662 1974 2727 inseruit
2037 2661 2129 2725 M.

237 2744 393 2810 raes.
437 2764 599 2809 xxlx
642 2746 748 2824 (of.
781 2768 843 2809 v.
875 2749 1042 2824 230).
1087 2760 1377 2810 ceterum
1420 2768 1548 2809 non
1593 2768 1859 2830 prorsus
1904 2748 2127 2827 inpro-

185 2768 404 2895 flabile
451 2830 722 2894 dixerim
751 2830 1201 2896 Bentleianum
1246 2834 1302 2895 si
1340 2852 1488 2895 raro
1532 2834 1772 2906 scm'bes,
1820 2844 1889 2895 ut
1931 2832 2130 2917 idque

185 2916 404 2995 ipsum
446 2915 686 3001 legitur
713 2916 778 2979 in
809 2916 994 2980 codd.
1027 2916 1308 2981 Franek.
1342 2913 1543 2980 Goth.
1575 2919 1615 2980 2
1660 2918 1687 3002 ΙΙ
1731 2919 1770 2981 4
1804 2929 1871 2981 at
1900 2938 2019 2999 pro
2049 2921 2127 2982 ab
2168 2954 2175 2961 ·

189 3000 432 3063 Bland.
457 3013 586 3065 ant.
605 2998 803 3065 Goth.
835 3004 890 3067 2.
925 3002 1000 3070 Β.
1037 3004 1148 3082 qui
1181 3023 1317 3083 seq.
1352 3022 1615 3085 quoque
1646 3024 1901 3065 versum
1935 3002 2131 3067 inter-

185 3086 541 3170 punctione
584 3086 872 3151 restituit
900 3087 925 3170 Η
957 3086 1112 3152 enit
1145 3086 1277 3153 est?
1316 3086 1391 3150 M
1422 3091 1447 3169 ΙΙ
1485 3090 1567 3153 18
1612 3088 1693 3153 of.
1723 3085 2129 3153 FGSohnei-

188 3170 422 3235 dewin.
481 3171 660 3236 brev.
718 3171 888 3256 disp.
945 3172 1025 3235 de
1088 3172 1234 3236 loco
1278 3173 1442 3238 Hor.
1492 3173 1562 3239 S.
1610 3170 1699 3235 ΙΙ.
1748 3176 1808 3238 3.
1860 3178 1938 3241 18
1984 3197 2124 3259 sqq.

189 3254 492 3341 Gotting.
531 3258 755 3339 1845-11
786 3260 866 3323 27
898 3260 1101 3321 morbi
1127 3261 1339 3333 miror,
1380 3264 1461 3325 29
1490 3260 1847 3344 capitisque,
1882 3261 1966 3326 39
1996 3284 2129 3323 ma*
2200 3337 2204 3340 ι

190 3342 288 3407 lue
323 3353 536 3428 torquet
579 3356 726 3405 ante
753 3342 838 3418 B,
887 3364 1169 3426 quocum
1213 3344 1281 3407 in
1328 3343 1631 3408 omnibus
1676 3344 1777 3407 his
1821 3343 1980 3408 locis
2026 3346 2126 3409 fa·-

189 3427 279 3491 cit
326 3424 525 3492 Goth.
574 3431 611 3492 2
643 3429 672 3510 Η
702 3426 784 3491 43
830 3428 1116 3495 stultitia
1159 3428 1249 3491 M.
1297 3432 1495 3512 praef.
1540 3449 1728 3492 xxlx..
1762 3430 2027 3493 stultitia
2070 3442 2127 3493 et

188 3512 336 3576 libri
371 3512 399 3593 ΙΙ
430 3516 507 3577 61
559 3515 636 3576 cf.
683 3514 907 3577 Madv.
956 3535 1179 3595 opuSC.
1225 3513 1311 3577 II.
1348 3516 1639 3596 2251163
1684 3515 1937 3597 vulyum
1981 3528 2127 3577 ante
