2459 3959
1094 358 1349 414 INDEX
2061 356 2192 419 259

249 506 448 556 Parcus
487 507 698 555 deorum
734 506 909 555 culton
934 508 981 555 -1.
1003 502 1085 561 ‚311-
1237 503 1382 564 Quis.
1402 504 1566 555 multa
1602 506 1814 567 gracilis
1854 511 1905 555 te
1939 520 2068 571 puer
2095 509 2133 556 1.
2159 506 2191 560 5

250 575 439 625 Pastor
475 590 590 623 cum
626 576 855 624 traheret
891 574 936 623 Ι.
975 572 1043 625 15
1239 572 1354 633 Quo
1380 588 1478 637 me,
1517 574 1738 635 Bacche,
1777 575 1914 637 rapis
1951 575 2052 624 ΙΙΙ.
2089 574 2158 628 25

248 643 484 695 Persicos
498 645 599 702 odi,
622 658 765 708 puer,
778 645 1058 707 adparatus
1085 643 1125 692 Ι.
1138 641 1207 694 38
1242 642 1450 699 Rectius
1471 643 1638 707 -vives‚
1679 644 1850 701 Licini
1882 643 1952 695 ΙΙ.
1991 643 2055 694 10
2161 704 2164 707 ,

248 713 463 762 Phoebe
480 712 825 777 silvarumque
840 711 1205 777 potensCarm.
1242 710 1490 760 Scriberis
1529 711 1693 763 Vario
1735 713 1778 761 1.
1817 710 1864 761 6.

392 786 523 831 saec.
1238 780 1472 843 Septimi,
1491 778 1650 829 Gadis
1663 781 1862 830 aditure
1873 780 2194 841 mecum11.6

247 849 489 899 Phoebus
508 850 764 899 volentem
793 848 992 913 proelia
1014 848 1119 901 IV.
1145 847 1209 899 15
1241 848 1326 899 Sic
1363 857 1414 897 te
1449 848 1566 897 diva
1598 858 1780 914 potens
1819 847 1976 913 Cypri
2014 849 2064 905 1..
2091 850 2142 913 3·

251 920 527 969 Pindarum
564 918 795 982 quisquis
832 917 931 965 IV.
969 918 1003 967 2
1241 917 1470 967 Solvitur
1505 920 1638 967 acris
1676 919 1836 967 hiems
1874 921 1914 967 Ι.
1953 914 1988 967 4

253 988 535 1037 Poscimur.
573 988 740 1048 siquid
776 987 923 1035 vacui
960 987 1003 1035 Ι.
1025 984 1111 1037 ,32
1241 987 1373 1036 Sunt
1408 1001 1537 1049 quos
1575 988 1832 1047 curriculo
1869 988 1912 1036 Ι.
1947 987 1978 1037 1

256 1056 403 1117 Quae
441 1071 565 1105 cura
599 1064 806 1119 patrum
842 1054 941 1104 IV.
984 1054 1049 1105 14
1242 1058 1316 1103 Te
1351 1056 1518 1109 maria
1545 1063 1597 1104 et
1633 1065 1804 1116 terrae
1837 1056 1881 1115 I.
1921 1057 1988 1113 28

253 1124 476 1185 Qualem
500 1125 787 1175 ministrum
805 1121 1033 1173 fulminis
1057 1124 1156 1173 IV.
1176 1123 1209 1175 4
1239 1124 1322 1173 Tu
1357 1138 1422 1172 ne
1457 1126 1738 1188 quaesieris
1777 1128 1818 1173 Ι.
1859 1127 1918 1177 11

257 1193 523 1254 Quantum
544 1194 700 1242 distet
724 1194 789 1242 ab
804 1193 1001 1241 Inacho
1016 1193 1123 1243 ΙΙΙ.
1143 1193 1209 1244 19
1239 1192 1508 1255 Tyrrhena
1532 1207 1708 1255 regum
1728 1196 1998 1257 progenies
2013 1195 2196 1246 111.29

149 1299 157 1308 .
253 1264 417 1324 Quem
436 1272 508 1313 tu.
529 1262 873 1325 Melpomene,
893 1264 1047 1311 semel
1069 1262 1209 1314 IV.·3
1242 1262 1415 1311 Velox
1452 1276 1722 1311 amoenum
1759 1262 1802 1310 Ι.
1843 1263 1908 1314 17

257 1330 424 1391 Quem
460 1333 624 1381 virum
661 1340 753 1381 aut
788 1332 949 1379 heroa
984 1330 1027 1379 Ι.
1068 1332 1131 1381 12
1168 1340 1172 1347 ·
1245 1330 1402 1379 Vides
1439 1340 1498 1379 ut
1533 1332 1642 1380 alta
1677 1338 1783 1381 stet⁴
1815 1335 1932 1381 nive
1967 1336 2018 1391 1.⁸
2047 1331 2080 1384 9
2152 1354 2159 1364 ·

254 1399 391 1460 Quid
426 1400 698 1449 bellicosus
738 1399 996 1450 Cantaber
1033 1399 1105 1449 ΙΙ.
1148 1399 1204 1451 11
1244 1398 1362 1447 Vile
1403 1400 1606 1463 potabis
1644 1400 1692 1450 Ι.
1721 1398 1790 1449 20

256 1466 391 1527 Quid
451 1471 740 1518 dedicatum
799 1470 965 1533 poscit
1011 1470 1211 1534 Apolli-
1245 1468 1390 1516 Vitas
1428 1469 1675 1519 hinnuleo
1711 1484 1791 1517 me
1829 1470 2007 1521 similis
2044 1470 2091 1519 Ι.
2129 1470 2194 1519 23

395 1552 511 1587 nem
549 1541 592 1588 Ι.
632 1536 695 1588 31
1246 1536 1372 1585 Vixi
1393 1536 1576 1586 duellis
1600 1552 1764 1601 nuper
1781 1540 1990 1589 idoneus
2007 1537 2108 1587 III.
2130 1539 2198 1590 26

256 1604 393 1665 Quid
427 1606 535 1664 fles„
575 1606 782 1655 Asterie
818 1604 919 1653 ΙΙΙ.
957 1604 989 1655 ’7
1245 1605 1368 1655 Vlla
1405 1607 1448 1655 si
1483 1608 1608 1656 iuris
1645 1608 1734 1655 tibi
1772 1609 1988 1671 peierati
2026 1609 2094 1657 II.
2130 1606 2164 1659 8

254 1674 383 1735 Quis
422 1677 671 1727 desiderio
708 1676 774 1725 sit
808 1676 975 1739 pudor
1010 1677 1054 1726 Ι.
1092 1670 1157 1723 24
1248 1675 1398 1723 onr
1433 1675 1672 1740 pauperis
1707 1676 1854 1741 Ibyci
1890 1676 1988 1725 ΙΙΙ.
2030 1674 2096 1727 15

1024 1863 1097 1912 11.
1137 1860 1430 1913 EPODON

264 1998 453 2048 Altera
474 2000 587 2047 iam
624 2002 809 2049 teritur
846 1999 913 2050 16
1251 2000 1426 2049 Mollis
1462 2001 1647 2049 inertia
1684 2015 1776 2051 cur
1812 1998 1878 2051 14-

266 2069 359 2127 At,
399 2084 429 2117 ο
468 2069 677 2117 deorum
713 2069 746 2119 5
1248 2067 1369 2118 Nox
1405 2078 1516 2117 erat
1549 2079 1600 2118 et
1637 2071 1780 2119 caelo
1821 2067 1886 2121 15

258 2137 451 2186 Beatus
487 2138 579 2186 ille
615 2138 703 2199 qui
740 2139 923 2200 procul
960 2137 995 2189 2
1249 2136 1486 2187 Parentis
1523 2139 1646 2186 olim
1683 2140 1840 2202 siquis
1877 2137 1909 2189 3

262 2204 491 2256 Horrida
529 2216 807 2267 tempestas
851 2206 913 2257 13
1249 2204 1408 2265 Petti,
1446 2207 1574 2256 nihil
1609 2221 1689 2256 me
1729 2208 1788 2258 11

260 2274 374 2323 Iam
408 2275 509 2323 iam
548 2274 746 2324 efficaci
786 2276 850 2327 17
1250 2273 1470 2334 Quando
1507 2287 1770 2339 repostum
1811 2278 2089 2326 caecubum
2124 2274 2158 2325 9

261 2341 371 2392 Ibis
408 2345 629 2393 liburnis
671 2343 696 2393 1
1250 2340 1386 2401 Quid
1421 2346 1719 2395 inmerentis
1755 2346 1984 2409 hospites
2019 2345 2053 2397 6

265 2412 425 2476 Lupis
463 2422 513 2461 et
549 2413 696 2473 agnis
732 2408 766 2460 4
1249 2412 1385 2472 Quid
1423 2414 1514 2461 tibi
1554 2415 1645 2470 vis,
1683 2416 1865 2465 mulier
1905 2415 1970 2465 12

262 2480 407 2530 Mala
444 2482 615 2531 soluta
651 2483 797 2530 navis
836 2478 902 2531 10
1251 2479 1366 2539 Quo
1403 2496 1506 2544 quo
1543 2483 1742 2532 scelesti
1783 2485 1929 2535 ruitis
1967 2488 1999 2536 ‘7

698 2548 906 2612 Rogare
940 2549 1095 2611 longo
1130 2552 1362 2613 putidam
1399 2558 1450 2599 te
1486 2553 1694 2601 saeculo
1731 2552 1762 2601 8

935 2735 1039 2784 ΙΙΙ.
1099 2734 1533 2785 SATIRARVM

266 2875 679 2924 Ambubaiarum
718 2874 955 2935 conlegia
989 2874 1032 2925 Ι.
1071 2873 1104 2921 2
1250 2871 1365 2922 Non
1403 2876 1540 2937 quia,
1577 2874 1856 2924 Maecenas
1893 2876 1938 2926 Ι.
1979 2876 2012 2927 6

264 2944 541 3006 Egressum
576 2958 764 3005 magna
799 2944 840 2990 Ι.
880 2939 912 2993 5
1251 2940 1387 2992 Olim
1427 2951 1638 2992 truncus
1676 2958 1813 2993 eram
1850 2947 1890 2993 Ι.
1931 2945 1963 2996 8

265 3013 481 3077 Eupolis
519 3019 673 3075 atque
712 3009 953 3059 Cratinus
990 3009 1035 3058 Ι.
1070 3006 1107 3059 4
1252 3010 1501 3061 Omnibus
1539 3012 1639 3060 hoc
1675 3014 1852 3061 vitium
1892 3021 1971 3064 est
2006 3017 2047 3066 Ι.
2085 3014 2117 3065 3

266 3081 381 3131 Hoc
420 3091 529 3129 erat
564 3082 615 3129 in
653 3082 784 3131 votis
821 3079 893 3127 11.
930 3078 965 3127 6
1251 3079 1536 3141 Proscripti
1563 3079 1723 3141 Regis
1746 3080 1922 3145 Rupili
1954 3099 2050 3146 pus
2078 3084 2122 3133 Ι.
2148 3086 2181 3135 7

265 3151 381 3200 Hoc
416 3164 633 3213 quoque,
674 3150 873 3199 Tiresia
909 3148 979 3196 IL
1018 3145 1051 3198 5
1253 3149 1396 3209 Quae
1433 3150 1596 3197 virtus
1634 3157 1686 3197 et
1721 3160 1914 3212 quanta
1949 3151 2024 3202 ΙΙ.
2060 3151 2093 3203 2

266 3219 578 3284 (Iandudum
618 3214 853 3269 ausculto
889 3218 960 3267 11.
997 3216 1049 3277 ’7)
1253 3216 1352 3276 Qui
1390 3216 1461 3277 fit,
1504 3217 1781 3266 Maecenas
1817 3218 1860 3266 Ι.
1903 3220 1928 3268 1

269 3290 413 3338 Ibam
448 3288 581 3337 forte
607 3289 690 3337 via
728 3302 873 3337 sacra
906 3286 945 3335 1.
982 3284 1016 3335 9
1253 3285 1307 3334 Si
1346 3301 1462 3334 raro
1500 3287 1680 3335 scribis
1720 3287 1787 3335 ΙΙ.
1827 3286 1857 3337 3

274 3354 475 3421 [Lucili,
505 3374 659 3422 quam
680 3358 749 3407 sis
775 3356 1050 3404 mendosus
1071 3352 1115 3401 Ι.
1134 3351 1219 3419 10]
1253 3354 1388 3404 Sunt
1424 3355 1607 3418 quibus
1642 3357 1696 3404 in
1733 3356 1893 3405 satira
1928 3356 2001 3407 ΙΙ.
2039 3358 2067 3407 1

269 3424 466 3490 Nempe
499 3426 825 3491 inconposito
861 3424 906 3472 Ι.
950 3422 1013 3473 10
1256 3423 1405 3473 Vnde
1442 3431 1492 3471 et
1528 3439 1629 3487 quo
1669 3424 1849 3473 Catius
1886 3424 1961 3489 ΙΙ.
1999 3422 2034 3475 4-

747 3493 825 3543 Vt
858 3491 1122 3542 Nasidieni
1159 3492 1287 3541 iuvit
1323 3498 1374 3541 te
1410 3507 1537 3541 cena
1571 3493 1647 3541 ΙΙ.
1677 3492 1750 3625 18,7
1772 3556 1801 3590 ἓν
