2459 3959
315 323 438 408 192
1073 326 1533 382 SATIRARVM

446 482 545 539 ‘nil
568 484 747 539 habeo
773 484 924 555 quod
947 499 1107 552 agam
1133 491 1190 536 et
1211 496 1323 534 non
1349 497 1469 534 sum
1500 477 1687 551 piger:
1732 497 1915 552 usque
1942 495 2139 551 sequar
2162 475 2255 534 te.’

318 577 394 627 20
445 570 676 624 demitto
721 567 1016 633 auriculas,
1063 575 1129 621 ut
1171 564 1399 638 iniquae
1443 564 1643 618 mentis
1688 567 1889 622 asellus

444 674 568 710 cum
611 653 836 727 gravius
883 654 1049 708 dorso
1095 651 1269 706 subiit
1313 668 1473 706 onus.
1518 646 1857 722 incipit'ille

442 740 510 795 ‘si
551 742 696 795 bene
740 756 830 794 me
874 737 1023 804 novi,
1069 756 1180 791 non
1204 736 1439 792 Viscum
1483 734 1657 807 pluris
1703 738 1962 804 amicum,

441 843 553 882 non
574 825 808 879 Varium
853 823 1052 878 facies:
1098 841 1225 877 nam
1270 822 1397 894 quis
1443 838 1530 875 me
1577 819 1821 877 scribere
1864 823 2043 896 pluris

444 921 543 966 aut
586 909 748 964 citius
795 909 973 980 possit
1019 907 1250 964 versus?
1297 906 1421 980 quis
1466 909 1717 962 membra
1757 927 1984 964 movere

322 1001 396 1053 25
445 995 706 1052 mollius?
751 994 1003 1049 invideat
1045 994 1198 1066 quod
1242 998 1301 1046 et
1341 993 1726 1064 Hermogenes
1773 1012 1878 1063 ego
1922 996 2163 1049 cautof‘

447 1080 845 1152 interpellandi
890 1080 1042 1133 locus
1089 1077 1182 1133 hic
1225 1086 1376 1132 erat:
1427 1077 1538 1133 ‘est
1578 1077 1682 1132 tibi
1728 1089 1921 1144 mater,

448 1166 692 1237 cognati,
739 1164 864 1238 quis
909 1173 966 1219 te
1013 1164 1166 1218 salvo
1213 1171 1301 1218 est
1344 1181 1484 1234 opus
1502 1162 1547 1215 Τ
1592 1164 1744 1216 haud
1788 1164 1921 1218 mihi
1968 1164 2265 1238 quisquam.

447 1251 626 1307 omnis
672 1249 980 1322 conposui!
1028 1247 1264 1304 ‘felicesi
1317 1267 1463 1303 nunc
1506 1267 1612 1320 ego
1654 1257 1827 1304 resto,

450 1338 695 1393 confice:
741 1353 979 1408 namque
1021 1334 1194 1389 instat
1238 1335 1414 1388 fatum
1460 1333 1596 1388 mihi
1640 1333 1826 1402 triste,
1870 1335 2102 1390 Sabella

325 1425 404 1479 80
452 1425 605 1496 quod
648 1440 823 1495 puero
871 1420 1073 1475 cecinit
1117 1419 1311 1474 divina
1355 1428 1508 1473 mota
1550 1437 1689 1474 anus
1734 1438 1900 1474 urna:

452 1511 599 1563 hunc
643 1526 828 1579 neque
873 1507 996 1561 dira
1040 1523 1272 1572 venena,
1324 1522 1427 1560 nec
1471 1505 1719 1560 hosticus
1762 1508 1979 1561 auferet
2024 1505 2189 1572 ensis,

453 1611 558 1648 nec
603 1594 840 1648 laterum
885 1593 1045 1646 dolor
1089 1598 1188 1645 aut
1231 1590 1425 1657 tussis,
1474 1608 1578 1645 nec
1622 1593 1784 1644 tarda
1827 1593 2111 1664 podagra:

452 1678 706 1751 garrulus
752 1679 899 1731 hunc
942 1677 1165 1749 quando
1213 1685 1505 1730 consumet
1546 1693 1802 1748 cunque:
1846 1677 2116 1750 loquacis,

452 1764 499 1818 si
543 1763 743 1832 sapiat,
788 1762 949 1827 vitet,
998 1763 1161 1815 simul
1205 1769 1375 1834 atque
1420 1761 1733 1816 adoleverit
1776 1755 1971 1818 aetas.’

329 1855 404 1907 35
453 1858 680 1902 ventum
723 1855 844 1901 erat
887 1847 957 1900 ad
986 1847 1213 1913 Vestae,
1262 1855 1460 1918 quarta
1502 1847 1612 1900 iam
1655 1857 1814 1918 parte
1860 1848 1973 1902 diei

452 1931 774 2006 praeterita,
821 1940 877 1986 et
921 1949 1053 1986 casu
1097 1933 1232 1986 tunc
1277 1933 1621 2003 respondere
1667 1934 1872 1988 vadato

454 2019 726 2085 debebat3
774 2018 927 2091 quod
970 2017 1029 2071 ni
1071 2018 1318 2084 fecisset,
1365 2018 1604 2088 perdere
1649 2017 1823 2072 litem.

456 2102 524 2159 ‘si
568 2123 655 2159 me
700 2104 868 2158 amas’
911 2102 1115 2175 inquit,
1164 2100 1432 2175 ‘paullum
1477 2102 1569 2157 hic
1613 2103 1788 2160 ades.'
1833 2104 2143 2174 ‘inteream,
2186 2103 2265 2159 si.

458 2198 555 2244 aut
598 2188 757 2243 valeo
803 2196 954 2243 stare
999 2195 1096 2241 aut
1140 2187 1271 2242 novi
1316 2186 1505 2242 civilia
1548 2188 1699 2242 iura:

333 2282 411 2333 40
461 2284 518 2330 et
560 2291 800 2346 propero
846 2291 958 2344 quo
1003 2263 1149 2328 scis.'
1197 2269 1419 2326 ‘dubius
1452 2292 1589 2336 sum,
1636 2273 1774 2343 quid
1816 2268 2036 2329 faciam’
2086 2273 2275 2347 inquit,

461 2359 606 2414 ‘tene
651 2359 964 2430 relinquam
1008 2375 1078 2412 an
1121 2358 1281 2414 rem.’
1329 2355 1455 2422 ‘me,
1504 2354 1703 2412 sodes.'
1756 2356 1891 2414 ‘non
1919 2360 2135 2415 faciam'
2175 2361 2278 2425 ille,

464 2455 522 2500 et
564 2446 899 2516 praecedere
943 2443 1146 2514 coepit.
1193 2461 1317 2514 eg0,
1363 2450 1425 2496 ut
1472 2445 1811 2499 contendere
1855 2447 2056 2500 durum

464 2550 590 2586 cum
633 2528 860 2596 victore,
907 2547 1132 2600 sequor.
1185 2525 1502 2584 ‘Maecenas
1548 2532 1827 2602 quomodo
1874 2540 2064 2585 tecum
2080 2532 2127 2585 ‘2’

463 2616 596 2672 hinc
637 2615 876 2688 repetit:
925 2613 1243 2686 ‘paucorum
1270 2614 1556 2669 hominum
1587 2621 1645 2668 et
1673 2616 1874 2670 mentis
1918 2618 2065 2672 bene
2111 2633 2279 2673 sanae.

339 2709 415 2759 45
465 2720 630 2757 nemo
677 2700 962 2754 dexterius
1006 2701 1231 2756 fortuna
1274 2710 1361 2754 est
1403 2718 1558 2755 usus.
1606 2700 1841 2756 haberes

467 2805 728 2860 magnum
771 2787 1100 2850 adiutorem,
1145 2793 1338 2858 posset
1384 2785 1481 2858 qui
1524 2787 1670 2840 ferre
1694 2789 2004 2853 secundas,

467 2874 619 2927 hunc
663 2873 941 2926 hominem
984 2872 1156 2926 velles
1201 2871 1250 2926 si
1294 2873 1537 2926 tradere.
1586 2870 1919 2942 dispeream,
1967 2872 2027 2927 ni

473 2960 790 3013 submosses
837 2956 1052 3012 omnis-⁹
1100 2955 1228 3010 ‘non
1276 2957 1384 3012 isto
1429 2957 1639 3012 vivitur
1681 2957 1801 3013 illic

475 3061 586 3116 quo
631 3050 694 3096 tu
737 3060 860 3096 rere
905 3042 1107 3096 modo:
1153 3043 1351 3096 domus
1394 3043 1500 3096 hac
1544 3057 1653 3096 nec
1696 3043 1887 3114 purior
1930 3045 2045 3099 ulla
2094 3052 2193 3112 est,

354 3133 431 3187 50
479 3147 582 3183 nec
626 3126 802 3197 magis
846 3127 930 3180 his
976 3126 1157 3181 aliena
1201 3127 1393 3194 malis3
1438 3126 1519 3182 nil
1562 3125 1637 3182 mi
1683 3129 1891 3198 obficit,
1934 3130 2176 3202 inquam,

480 3215 651 3270 ditior
693 3213 782 3266 hic
826 3219 923 3266 aut
968 3219 1052 3267 est
1095 3211 1228 3284 quia
1272 3211 1517 3280 doctior;
1564 3219 1653 3268 est
1698 3214 1855 3269 locus
1898 3215 1997 3270 uni

483 3300 684 3371 cuique
729 3298 895 3352 suus!
942 3293 1224 3368 ‘magnum
1268 3315 1475 3363 narras,
1523 3296 1618 3353 vix
1665 3299 1978 3356 credibile?
2027 3298 2198 3373 ‘atqui

485 3384 566 3438 sic
610 3373 820 3438 habet-⁹
868 3380 1142 3436 ‘accendis
1189 3397 1363 3452 quare
1408 3381 1625 3453 cupiam
1667 3384 1844 3455 magis
1880 3385 1964 3438 illi

487 3467 776 3539 proximus
822 3467 984 3520 esse!
1028 3463 1186 3522 ‘velis
1230 3469 1649 3521 tantummodo:
1692 3486 1836 3540 quae
1877 3478 1977 3526 tua
2020 3469 2209 3538 virtus,

364 3557 440 3609 55
489 3551 864 3625 expugnabis3
910 3560 967 3606 et
1011 3559 1096 3606 est
1139 3550 1236 3624 qui
1282 3550 1430 3606 vinci
1470 3551 1665 3623 possit,
1711 3569 1891 3626 eoque
