2459 3959
320 262 457 330 m
1018 262 1580 327 EPISTVLARVM

333 429 362 480 1
376 430 453 480 00
499 422 764 480 virtutem
806 420 1064 479 doctriua
1100 428 1266 493 paret
1305 428 1580 475 naturane
1621 421 1809 487 donet,

504 510 641 581 quid
684 508 901 565 minuat
945 524 1125 573 ouras,
1170 505 1306 578 quid
1349 514 1408 559 te
1453 504 1558 559 tibi
1601 505 1802 560 reddat
1845 502 2110 569 amioum,

504 595 643 667 quid
684 612 825 667 pure
866 591 1209 665 tranquillet,
1253 590 1433 645 honos
1475 606 1546 645 an
1591 590 1758 645 dulce
1801 588 2084 657 lucellum,

503 698 573 733 an
619 688 892 735 secretum
936 678 1045 733 iter
1086 686 1145 731 et
1184 674 1430 730 fallentis
1475 676 1670 731 semita
1709 674 1878 730 vitae.

498 781 589 819 me
633 764 891 837 quotiens
935 762 1115 818 reficit
1158 761 1376 833 gelidus
1422 760 1688 833 Digentia
1731 760 1904 826 rivus,

336 855 455 905 105
504 868 671 922 quem
715 848 981 905 Mandela
1024 846 1184 914 bibit,
1228 863 1468 916 rugosus
1509 846 1717 919 frigore
1757 862 1956 918 pagus,

500 936 636 1007 quid
682 934 889 990 sentire
933 943 1115 1007 putas,
1162 932 1300 1004 quid
1345 931 1544 998 eredis,
1589 930 1780 998 amice,
1823 921 2101 1002 precari?

498 1021 573 1073 sit
615 1020 750 1075 mihi
796 1021 949 1093 quod
990 1034 1139 1074 nuno
1184 1026 1290 1081 est,
1335 1016 1502 1071 etiam
1545 1017 1746 1085 minus,
1791 1025 1850 1072 et
1891 1016 2030 1071 mihi
2071 1018 2260 1079 vivam

499 1107 652 1177 quod
698 1115 952 1179 superest
992 1103 1133 1169 aevi,
1180 1102 1364 1174 siquid
1411 1118 1702 1175 superesse
1745 1102 1944 1157 volunt
1985 1102 2071 1157 di:

500 1191 573 1245 sit
615 1190 763 1245 bona
807 1190 1075 1245 librorum
1120 1197 1178 1243 et
1218 1188 1477 1259 provisae
1519 1187 1698 1259 frugis
1743 1186 1800 1241 in
1845 1205 2054 1242 annum
2419 1172 2421 1237 l

337 1281 456 1331 110
505 1276 683 1348 eopia,
728 1294 840 1331 neu
884 1274 1095 1331 fluitem
1142 1272 1348 1327 dubiae
1391 1290 1492 1343 spe
1535 1271 1812 1343 pendulus
1855 1273 2042 1328 horae.

503 1363 603 1415 sed
648 1362 780 1416 satis
826 1368 913 1415 est
956 1376 1115 1415 orare
1158 1358 1350 1412 Iovem
1397 1374 1542 1428 quae
1584 1357 1752 1430 ponit
1794 1368 1850 1412 et
1895 1358 2109 1413 aufert:

500 1448 599 1501 det
640 1447 831 1514 vitam,
879 1448 974 1500 det
1019 1461 1191 1516 opes3
1240 1459 1478 1514 aequum
1511 1442 1587 1497 mi
1611 1441 1854 1497 animum
1884 1442 2006 1515 ipse
2047 1444 2274 1516 parabo.

1225 1716 1377 1787 XIX

455 1876 647 1931 Prisco
694 1876 740 1931 si
784 1875 981 1941 credis,
1028 1875 1328 1930 Maecenas
1373 1875 1558 1941 docte,
1605 1872 1853 1938 Cratino,

453 1963 605 2017 nulla
646 1962 867 2034 plaeere
911 1961 1007 2015 diu
1052 1977 1157 2015 neo
1198 1960 1386 2015 vivere
1415 1959 1676 2014 earmina
1716 1965 1968 2030 possunt,

451 2066 595 2119 quae
638 2047 955 2102 scribuntur
998 2064 1177 2118 aquae
1220 2045 1533 2119 potoribus.
1579 2052 1644 2100 ut
1687 2044 1830 2100 male
1875 2060 2044 2101 sanos

451 2133 709 2205 ascripsit
750 2132 923 2187 Liber
966 2131 1181 2203 Satyris
1222 2130 1543 2201 Faunisque
1585 2137 1798 2203 poetas,

366 2222 407 2275 ὅ
452 2219 578 2274 vina
621 2220 738 2273 sere
782 2217 971 2273 dulces
1015 2216 1276 2272 oluerunt
1317 2234 1480 2271 mane
1523 2214 1817 2271 Camenae.

450 2302 705 2358 laudibus
749 2303 1000 2375 arguitur
1039 2301 1156 2357 vini
1198 2302 1426 2355 vinosus
1470 2301 1776 2367 Homerus3

447 2390 663 2444 Ennius
703 2388 826 2460 ipse
869 2398 1029 2461 pater
1072 2405 1354 2459 nunquam
1399 2386 1506 2441 uisi
1550 2394 1715 2457 potus
1761 2386 1832 2440 ad
1873 2398 2030 2439 arma

449 2473 707 2547 prosiluit
750 2473 1005 2529 dicenda·
1055 2470 1260 2528 ‘forum
1303 2472 1616 2546 Putealque
1659 2470 1894 2527 Libonis

450 2560 724 2615 mandabo
768 2557 949 2623 siccis,
995 2558 1237 2614 adimam
1278 2566 1502 2612 eantare
1547 2556 1790 2613 severis!

325 2652 399 2703 10
448 2646 552 2700 hoo
596 2643 757 2699 simul
801 2643 976 2710 edixi,
1022 2660 1135 2698 non
1180 2660 1468 2698 cessavere
1509 2653 1710 2714 poetae

446 2738 719 2785 nocturno
762 2739 975 2785 certare
1019 2745 1193 2793 mero,
1238 2738 1436 2800 putere
1481 2728 1702 2783 diurno.

447 2815 628 2888 quid?
674 2814 845 2888 siquis
888 2814 1049 2869 voltu
1093 2823 1254 2869 torvo
1299 2814 1449 2867 ferus
1493 2824 1552 2869 et
1592 2815 1738 2885 pede
1781 2812 1936 2866 nudo

446 2899 793 2974 exiguaeque
834 2907 1001 2972 togae
1046 2898 1273 2954 simulet
1315 2906 1538 2955 textore
1585 2899 1871 2965 Catonem,

441 2986 776 3042 virtutemne
818 2993 1203 3057 repraesentet
1244 3001 1538 3055 moresque
1584 2981 1848 3040 Catonis?

323 3077 395 3127 15
444 3070 597 3143 rupit
638 3070 902 3127 Iarbitam
947 3069 1268 3143 Timagenis
1313 3070 1530 3124 aemula
1570 3069 1782 3143 lingua,

442 3157 574 3211 dum
618 3158 809 3213 studet
850 3157 1095 3211 urbanus
1136 3154 1430 3227 tenditque
1475 3154 1721 3210 disertus
1762 3152 1978 3209 haberi·

443 3241 650 3314 decipit
694 3240 983 3312 exemplar
1024 3240 1173 3295 vitiis
1216 3239 1510 3295 imitabile.
1557 3242 1710 3312 quod
1753 3239 1801 3295 si

438 3326 704 3398 pallerem
746 3343 897 3393 essu,
940 3326 1201 3382 biberent
1243 3342 1528 3396 exsangue
1573 3326 1878 3382 cuminums

442 3430 475 3465 o
518 3410 847 3478 imitatores,
892 3428 1114 3467 servum
1155 3426 1348 3482 pecus,
1393 3420 1455 3464 ut
1497 3409 1633 3465 mihi
1677 3426 1843 3483 saepe

314 3500 396 3550 20
441 3494 631 3562 bilem,
677 3511 843 3566 saepe
884 3495 1069 3551 iocum
1112 3495 1283 3550 vestri
1328 3512 1554 3554 movere
1595 3496 1900 3551 tumultus!
