2459 3959
1001 212 1148 266 LIB.
1191 210 1298 267 IV.
1351 214 1511 266 6-8

313 383 320 390 ·
420 372 628 442 frigora
668 366 965 422 mitescunt
1007 365 1297 438 zephyris3
1340 381 1438 419 ver
1480 364 1715 443 proterit
1758 371 1957 434 aestas,

281 463 370 511 10
509 453 819 519 interitura,
865 451 1027 505 simul

422 541 660 615 pomifer
701 546 996 592 autumnus
1040 535 1226 610 fruges
1273 535 1545 607 effuderit,
1593 544 1651 592 et
1694 554 1823 592 mox

510 627 702 680 bruma
744 620 977 678 recurrit
1017 621 1186 676 iners.

427 797 629 850 damus.
668 802 856 850 tamen
901 792 1098 848 celeris
1141 802 1403 867 reparant
1445 793 1707 849 caelestia
1748 795 1943 866 lunae3

521 899 622 936 nos
667 879 764 940 ubi,
809 879 1112 933 decidimus

298 975 378 1023 15
433 984 543 1038 quo
587 974 745 1038 pater
787 965 1034 1033 Aeneas,
1082 983 1194 1037 quo
1241 964 1397 1020 dives
1443 964 1639 1020 Tullus
1685 973 1743 1021 et
1783 964 1989 1032 Ancus,

515 1051 696 1124 pulvis
742 1058 798 1106 et
840 1051 1034 1104 umbra
1075 1068 1279 1106 sumus.

427 1222 551 1296 quis
597 1222 703 1278 scit
747 1241 815 1277 an
861 1221 1102 1276 adiciant
1145 1221 1444 1276 hodiernae
1488 1222 1731 1278 crastina
1772 1241 2014 1280 summae

515 1316 766 1381 tempora
811 1307 870 1361 di
913 1307 1137 1378 superi?

435 1401 632 1448 cuneta
675 1411 868 1447 manus
913 1392 1100 1447 avidas
1145 1393 1359 1464 fugient
1400 1392 1641 1462 herediS,
1688 1391 1863 1447 amieo

293 1484 382 1533 20
520 1497 663 1550 quae
711 1477 926 1532 dederis
973 1477 1172 1532 enimn.

427 1667 551 1704 cum
595 1649 766 1704 semel
811 1648 1078 1704 occideris
1123 1657 1179 1704 et
1223 1650 1292 1704 de
1336 1655 1393 1704 te
1437 1647 1727 1722 splendida
1766 1648 1953 1706 Minos

512 1735 708 1788 fecerit
748 1733 994 1801 arbitria,

426 1838 559 1887 non,
607 1820 910 1891 Torquate,
956 1837 1146 1890 genus,
1193 1837 1305 1873 non
1349 1827 1405 1874 te
1447 1820 1719 1890 secundis,
1762 1838 1874 1875 non
1917 1829 1976 1877 te

513 1905 772 1960 restituet
811 1904 1010 1976 pietas.
1121 1903 1128 1910 '

289 2084 374 2133 25
426 2075 656 2132 infernis
699 2095 882 2150 neque
928 2076 1074 2132 enim
1118 2076 1364 2131 tenebris
1408 2075 1591 2131 Diana
1630 2075 1891 2149 pudicum

507 2161 708 2217 liberat
748 2162 1129 2235 Hippolytum,

422 2265 526 2302 neo
569 2248 814 2302 Lethaea
855 2248 1004 2303 valet
1049 2249 1301 2303 Theseus
1345 2249 1673 2320 abrumpere
1722 2265 1849 2302 caro

511 2332 733 2388 vincula
773 2333 1048 2389 Pirithoo.

1194 2614 1343 2670 VIII

430 2758 711 2814 Donarem
752 2766 972 2828 pateras
1013 2765 1283 2831 grataque
1328 2759 1659 2828 commodus,

433 2842 754 2910 Censoriae,
799 2843 931 2898 meis
976 2861 1103 2898 aera
1146 2844 1441 2911 sodalibus,

436 2929 697 2983 donarem
741 2929 1009 3000 tripodas,
1055 2927 1301 3001 praemis
1341 2928 1562 2984 fortium

435 3012 739 3083 Graiorum,
785 3033 965 3086 neque
1009 3021 1070 3068 tu
1112 3014 1352 3087 pessima
1394 3033 1682 3069 munerum

344 3192 384 3240 ὃ
431 3185 621 3253 ferres,
665 3185 835 3240 divite
876 3203 964 3240 me
1010 3185 1218 3241 seilicet
1262 3186 1480 3254 artium,

434 3289 567 3342 quas
613 3279 708 3325 aut
749 3271 1068 3327 Parrhasius
1113 3271 1343 3344 protulit
1386 3280 1481 3326 aut
1524 3273 1750 3345 Scopae,

434 3356 526 3410 hio
569 3373 721 3425 sam,
767 3355 990 3429 liquidis
1034 3356 1130 3411 ille
1175 3356 1451 3412 coloribus

432 3442 624 3498 sollers
665 3458 811 3497 nunc
853 3441 1127 3498 hominem
1168 3460 1395 3515 ponere,
1439 3461 1585 3499 nunc
1628 3444 1810 3499 deum.

1756 3534 1783 3582 7
1804 3520 1833 3551 ἢ
