2459 3959
283 304 415 369 280
985 308 1539 367 EPISTVLARVM

456 483 625 539 quam
669 484 779 521 non
826 464 1093 521 adstricto
1138 472 1430 537 percurrat
1470 464 1694 537 pulpita
1737 482 1922 520 socco.

288 557 405 607 1⁷5
455 551 628 625 gestit
673 551 821 607 euim
864 568 1149 606 nummum
1191 550 1254 605 iu
1297 550 1510 605 loculos
1554 549 1869 618 demittere,
1913 559 2046 624 post
2086 552 2188 605 hoc

454 654 683 692 securus
726 637 891 691 cadat
932 654 1006 691 an
1048 643 1201 691 recto
1247 642 1358 691 stet
1400 635 1588 690 fabula
1629 637 1764 691 talo.

452 739 620 795 quem
662 720 795 777 tulit
836 723 908 776 ad
950 737 1205 776 scaenam
1239 728 1471 776 ventoso
1515 720 1695 792 gloria
1737 738 1920 789 curru,

450 806 737 863 exanimat
778 806 965 862 lentus
1009 813 1312 879 spectator,
1360 806 1586 861 sedulus
1629 806 1818 861 infiat:

456 892 537 948 sic
578 894 726 960 leve,
772 892 852 947 sic
879 910 1115 965 parvum
1144 900 1248 959 est,
1295 891 1539 947 animum
1581 894 1735 963 quod
1777 891 1962 947 laudis
2007 909 2225 947 avarum

287 982 404 1033 180
453 977 673 1033 subruit
714 985 813 1031 aut
854 976 1052 1033 reficit.
1095 978 1282 1033 valeat
1321 994 1410 1031 res
1455 977 1690 1044 ludicra,
1721 978 1788 1058 ‘si
1829 995 1916 1032 me

452 1063 641 1135 palma
684 1071 891 1134 negata
934 1080 1200 1130 macrum,
1249 1064 1456 1117 donata
1499 1062 1715 1117 reducit
1759 1061 2024 1134 opimum.

452 1165 623 1221 saepe
666 1148 833 1203 etiam
878 1150 1143 1203 audacem
1186 1148 1347 1219 fugat
1387 1147 1496 1203 hoc
1537 1156 1825 1221 terretque
1867 1156 2108 1219 poetam,

459 1234 612 1306 quod
655 1250 885 1288 numero
930 1234 1143 1305 plures,
1189 1232 1398 1288 virtute
1442 1240 1499 1287 et
1540 1233 1756 1288 honore
1798 1234 2067 1299 minoreS,

456 1318 669 1374 indocti
712 1318 1013 1391 stolidique
1058 1326 1117 1374 et
1158 1319 1480 1391 depugnare
1524 1318 1705 1391 parati

289 1408 411 1458 185
460 1404 509 1459 si
554 1403 839 1460 discordet
882 1422 1073 1477 eques,
1118 1403 1304 1458 media
1347 1403 1494 1458 inter
1539 1404 1786 1459 carmina
1825 1412 2066 1477 poscunt

460 1497 558 1544 aut
600 1508 789 1545 ursum
835 1498 934 1544 aut
976 1489 1224 1561 pugiles:
1272 1488 1356 1543 his
1403 1506 1531 1543 nam
1574 1488 1868 1561 plebecula
1909 1490 2133 1561 gaudet.

454 1592 649 1630 verum
692 1575 871 1648 equiti
913 1592 1136 1648 quoque
1180 1574 1289 1628 iam
1345 1574 1606 1647 migravit
1652 1576 1720 1629 ab
1765 1591 1898 1629 aure
1941 1574 2196 1645 voluptas

460 1660 637 1715 omnis
682 1664 753 1714 ad
797 1661 1043 1716 incertos
1088 1660 1280 1715 oculos
1326 1668 1382 1714 et
1425 1660 1631 1733 gaudia
1673 1678 1832 1715 vana.

458 1753 723 1817 quattuor
768 1754 863 1801 aut
906 1745 1083 1818 pluria
1124 1746 1322 1800 aulaea
1363 1754 1692 1817 premuntur
1733 1743 1792 1799 in
1836 1745 2018 1810 horae,

297 1836 329 1884 1
346 1832 421 1886 90
471 1831 606 1884 dum
646 1830 871 1902 fugiunt
912 1830 1162 1902 equitum
1204 1839 1420 1886 turmae
1464 1831 1828 1903 peditumque
1869 1838 2154 1896 catervae3

460 1934 592 1971 mox
634 1916 879 1971 trahitur
921 1916 1174 1971 manibus
1217 1934 1413 1987 regum
1454 1918 1674 1971 fortuna
1713 1916 1957 1981 retortis,

462 2002 662 2057 esseda
702 2001 985 2068 festinant,
1030 2002 1266 2076 pilenta,
1312 2002 1608 2074 petorrita,
1650 2020 1842 2069 naves,

460 2087 742 2159 captivum
784 2094 1041 2159 portatur
1084 2090 1242 2154 ebur,
1290 2087 1512 2159 captiva
1555 2086 1873 2142 Corinthus·

458 2172 507 2225 ei
550 2172 696 2227 soret
740 2172 799 2227 in
842 2172 1027 2242 terris,
1070 2171 1281 2228 rideret
1323 2172 1700 2237 Democritus,
1747 2190 1844 2226 seu

292 2260 411 2313 {95
461 2257 744 2313 diversum
787 2258 1016 2313 confusa
1059 2274 1237 2329 genua
1281 2257 1553 2331 panthera
1595 2258 1806 2311 camelo

460 2342 579 2397 sive
622 2343 851 2414 clephas
896 2344 1053 2398 albus
1098 2343 1248 2415 volgi
1292 2350 1641 2399 converteret
1687 2360 1813 2409 στας

465 2435 743 2499 spectaret
786 2429 1054 2500 populum
1097 2428 1244 2483 ludis
1289 2427 1556 2484 attentius
1603 2428 1738 2500 ipsis

458 2520 523 2567 ut
564 2512 673 2567 eibi
713 2514 1076 2585 praebentem
1121 2514 1292 2568 nimio
1338 2514 1655 2586 spectacula
1697 2514 1888 2585 plura3

458 2597 757 2670 scriptores
804 2607 987 2653 autem
1029 2617 1256 2655 narrare
1300 2607 1522 2672 putaret
1565 2600 1738 2654 asello

283 2688 417 2739 ,200
464 2684 726 2739 fabellam
768 2686 961 2740 surdo.
1006 2704 1135 2740 nam
1181 2702 1326 2757 quae
1369 2684 1694 2756 pervincere
1737 2700 1900 2737 voces

463 2770 721 2825 evaluere
766 2787 979 2834 sonum,
1023 2772 1274 2827 referunt
1316 2788 1482 2842 quem
1527 2779 1718 2825 nostra
1759 2770 1974 2823 theatra
1989 2768 2017 2819 ⁴?

463 2854 788 2928 Garganum
830 2856 1045 2927 mugire
1088 2867 1252 2928 putes
1297 2873 1492 2910 nemus
1537 2865 1636 2909 aut
1679 2872 1830 2909 mare
1873 2854 2142 2919 Tuscum,

462 2948 621 2996 tanto
662 2958 789 2997 cum
832 2941 1070 3013 strepitu
1114 2942 1234 2997 ludi
1277 2949 1599 3013 spectantur
1641 2948 1698 2995 et
1740 2946 1888 2996 artes

463 3025 804 3099 divitiaeque
846 3027 1202 3100 peregrinae:
1249 3027 1449 3099 quibus
1495 3026 1700 3081 oblitus
1742 3032 1897 3080 actor

290 3116 415 3167 205
466 3129 592 3167 cum
636 3112 796 3168 stetit
838 3113 896 3167 in
941 3130 1159 3179 scaena,
1206 3111 1485 3167 concurrit
1530 3113 1764 3167 dextera
1804 3110 2016 3165 laevae.

463 3197 609 3252 dixit
653 3198 835 3253 adhuc
877 3197 1131 3269 aliquid?
1176 3198 1258 3252 nil
1303 3214 1456 3252 sane.
1503 3197 1638 3269 quid
1681 3196 1869 3268 placet
1911 3212 2046 3264 ergo
2067 3194 2098 3246 Ῥ

460 3282 589 3337 lana
632 3282 939 3337 Tarentino
984 3283 1159 3339 violas
1204 3282 1420 3338 imitata
1459 3299 1697 3337 veneno.

464 3384 529 3421 ac
572 3384 643 3422 ne
685 3368 829 3422 forte
871 3375 1033 3439 putea
1077 3386 1188 3434 me,
1229 3383 1375 3439 quae
1417 3368 1601 3421 facere
1646 3368 1766 3437 ipse
1810 3384 2089 3433 recusem,

462 3466 588 3505 cum
629 3459 784 3506 recte
826 3459 1064 3507 tractent
1108 3451 1223 3521 alii,
1271 3452 1496 3506 laudare
1541 3452 1814 3525 maligne3

294 3537 419 3588 210
466 3534 564 3591 ille
607 3553 709 3608 per
752 3544 1042 3593 extentum
1086 3538 1275 3592 sunem
1317 3536 1455 3591 mihi
1495 3554 1660 3608 posse
1705 3537 1926 3593 videtur
