2459 3959
385 296 511 359 158
1126 295 1587 361 SATIRARVM

399 457 518 511 100
563 473 691 510 nam
731 455 866 511 mihi
909 454 1171 511 continuo
1215 455 1393 513 maior
1435 457 1754 529 quaerenda
1794 458 1943 513 foret
1983 473 2070 514 res

556 549 723 614 atque
767 541 1044 597 salutandi
1085 541 1305 612 plures;
1352 543 1639 598 ducendus
1683 551 1743 598 et
1782 561 1925 599 unus

557 635 615 682 et
657 645 838 683 comes
883 628 1044 695 alter,
1089 627 1172 681 uti
1214 644 1289 682 ne
1332 628 1483 683 solus
1524 645 1691 684 rusve
1727 645 2029 702 peregreve

557 712 800 782 exirem3
845 714 1035 785 plnres
1079 712 1302 767 calones
1346 721 1512 786 atque
1558 714 1759 770 caballi

558 798 839 869 pascendi,
887 798 1139 852 ducenda
1181 798 1471 870 petorrita.
1516 816 1665 854 nunc
1706 798 1843 854 mihi
1872 807 2029 856 curto

395 885 510 938 105
558 883 640 939 ire
683 883 814 937 licet
857 884 1006 938 mulo
1049 883 1140 937 vel
1186 883 1231 937 si
1274 883 1414 939 libet
1454 901 1633 956 usque
1676 885 2001 953 Tarentum,

557 968 797 1023 mantica
839 968 928 1024 cni
973 969 1190 1023 lumbos
1237 985 1404 1023 onere
1448 970 1662 1025 ulceret
1705 977 1873 1042 atque
1916 988 2083 1044 eques
2120 985 2301 1037 armos3

555 1053 762 1108 obiciet
802 1071 965 1108 nemo
1011 1052 1187 1108 sordis
1230 1051 1367 1108 mihi
1412 1071 1549 1126 quas
1592 1055 1715 1123 tibi,
1756 1053 1911 1123 Tilli,

558 1155 684 1194 cum
727 1139 960 1194 Tiburte
1001 1139 1092 1194 via
1133 1147 1449 1212 praetorem
1492 1140 1737 1212 quinque
1780 1148 2042 1197 secuntur

556 1231 615 1278 te
655 1223 834 1298 pueri,
878 1225 1130 1279 lasanum
1172 1232 1458 1297 portantes
1503 1226 2015 1299 oenophorumque.

397 1315 510 1368 110
556 1310 666 1364 hoc
709 1327 815 1381 ego
858 1308 1198 1364 commodius
1245 1327 1412 1381 quam
1454 1318 1535 1376 tu,
1582 1311 1869 1382 praeclare
1912 1319 2147 1380 senator,

558 1394 780 1450 milibus
825 1403 992 1468 atque
1036 1393 1158 1449 aliis
1203 1394 1353 1452 vivo.
1400 1413 1728 1468 quacunque
1768 1396 1946 1452 libido
1990 1405 2098 1465 eat,

555 1481 754 1536 incedo
797 1481 974 1549 solus3
1021 1488 1317 1552 percontor
1360 1482 1554 1551 quanti
1596 1481 1719 1536 olus
1764 1497 1831 1537 ac
1873 1483 1982 1551 fai-3

558 1566 811 1621 fallacem
855 1565 1060 1620 circum
1102 1565 1593 1639 vespertinumque
1636 1583 1867 1639 pererro

561 1669 729 1724 saepe
772 1652 986 1720 sorum3
1031 1651 1243 1706 adsisto
1289 1651 1534 1719 divinis;
1578 1651 1710 1706 inde
1754 1653 1977 1707 domum
2022 1667 2112 1706 me

403 1744 471 1793 11
488 1743 516 1791 5
566 1739 639 1791 ad
680 1736 836 1808 porri
879 1744 936 1791 et
979 1736 1171 1791 ciceris
1215 1737 1397 1792 refero
1440 1736 1737 1808 laganique
1781 1735 2045 1792 catinum.

566 1839 704 1878 cena
743 1820 1091 1876 ministratur
1133 1821 1322 1893 pueris
1364 1821 1562 1889 tribus,
1607 1828 1665 1875 et
1704 1821 1849 1892 lapis
1893 1821 2054 1876 albus

571 1907 772 1979 pocula
813 1923 936 1962 cum
981 1905 1180 1976 cyatho
1225 1906 1337 1962 duo
1384 1906 1654 1974 sustinet3
1701 1908 1887 1961 adstat
1928 1905 2155 1962 echinus

571 1991 717 2060 vilis,
764 2007 888 2046 cum
929 1997 1124 2062 patera
1165 1998 1376 2062 gustus,
1420 1989 1703 2062 Campana
1746 1992 2017 2063 supellex.

566 2077 770 2131 deinde
815 2093 882 2130 eo
925 2075 1242 2144 dormitum,
1287 2093 1399 2130 non
1445 2075 1736 2145 sollicitus,
1780 2075 1914 2130 mihi
1956 2077 2109 2149 quod
2154 2092 2276 2132 cras

404 2163 523 2218 120
570 2162 907 2233 surgendum
952 2160 1025 2215 sit
1068 2177 1249 2228 mane,
1296 2163 1583 2217 obeundus
1626 2161 1877 2233 Marsya,
1924 2160 2022 2234 qui
2062 2178 2126 2216 se

565 2247 774 2302 voltum
815 2247 961 2301 ferre
1004 2254 1173 2317 negat
1213 2245 1523 2302 Noviorum
1567 2264 1731 2319 posse
1774 2245 2015 2301 minoris.

564 2333 634 2386 ad
679 2340 930 2404 quartam
973 2330 1154 2386 iaceo:
1199 2338 1327 2404 post
1368 2333 1514 2386 hanc
1555 2349 1747 2404 vagor,
1793 2340 1891 2386 aut
1932 2349 2035 2404 ego
2076 2330 2227 2388 lecto

565 2423 662 2471 aut
705 2416 909 2489 scripto
955 2417 1106 2489 quod
1149 2435 1239 2491 me
1281 2416 1511 2471 tacitum
1554 2416 1729 2486 iuvet,
1770 2435 1991 2488 unguor
2032 2415 2205 2488 olivo,

567 2520 677 2557 non
722 2520 831 2574 quo
875 2500 1144 2558 fraudatis
1190 2501 1488 2556 inmundus
1531 2501 1706 2557 Natta
1750 2502 2012 2557 lucernis.

407 2595 522 2645 125
572 2596 658 2643 ast
701 2586 798 2641 ubi
841 2605 929 2643 me
972 2587 1182 2641 fessum
1227 2588 1312 2642 sol
1357 2585 1535 2643 acrior
1578 2587 1659 2642 ire
1702 2587 1948 2643 lavatum

569 2672 872 2740 admonuit,
918 2671 1072 2746 fugio
1116 2689 1369 2745 campum
1410 2672 1759 2745 invisumque
1800 2672 2095 2745 trigonem.

566 2775 804 2831 pransus
848 2774 961 2812 non
1006 2757 1184 2827 avide,
1229 2767 1498 2830 quantum
1541 2756 1863 2830 interpellet
1902 2757 2057 2812 inani

568 2850 765 2899 ventre
809 2842 958 2898 diem
1001 2844 1222 2911 durare,
1270 2843 1606 2899 domesticus
1654 2843 1817 2900 otior.
1863 2844 2003 2898 haec
2042 2849 2128 2898 est

571 2930 689 2984 vita
731 2929 1040 2984 solutorum
1083 2928 1287 2984 misera
1330 2927 1634 2986 ambitione
1678 2928 1975 3002 gravique3

411 3017 528 3074 180
574 3013 660 3069 his
704 3032 792 3069 me
837 3015 1091 3069 consolor
1132 3014 1407 3070 victurum
1452 3013 1672 3069 suavius
1717 3032 1780 3069 ac
1824 3013 1873 3068 si

573 3107 832 3174 quaestor
873 3115 1008 3154 avus
1051 3109 1212 3172 pater
1255 3109 1422 3173 atque
1465 3117 1621 3154 mens
1663 3106 2007 3172 patruusque
2046 3096 2264 3156 fuisset.

1311 3338 1429 3394 VII

575 3455 882 3530 Proscripti
926 3456 1100 3531 Regis
1142 3457 1334 3532 Rupili
1378 3475 1483 3530 pus
1529 3465 1695 3531 atque
1738 3475 2013 3514 venenum

575 3542 810 3613 hybrida
853 3560 963 3615 quo
1007 3552 1171 3616 pacto
1215 3543 1290 3598 sit
1332 3541 1556 3600 Persius
1599 3544 1776 3614 ultus,·
1815 3543 2015 3616 opinor
