2459 3959
274 727 351 780 20

277 1244 348 1294 25

287 2787 362 2841 10

287 3261 358 3309 15

1033 300 1454 362 CARMINVM

396 467 558 523 cedes
603 460 869 533 coemptis
916 458 1145 514 saltibus
1191 464 1250 512 et
1293 457 1457 511 domo

397 552 640 623 villaque
683 551 856 602 flavus
904 563 1069 617 quam
1114 541 1334 596 Tiberis
1383 539 1536 603 lavit,

485 637 665 699 cedes,
701 642 758 688 et
801 629 1068 686 extructis
1113 627 1170 682 in
1217 629 1391 681 altum

568 718 773 774 divitiis
817 715 1063 790 potietur
1107 715 1290 769 heres.

399 851 627 931 divesne
667 847 847 919 prisco
892 851 1052 898 natus
1099 843 1168 896 ab
1212 841 1420 894 Inacho

401 936 482 990 nil
525 935 756 988 interest
799 949 868 985 an
907 946 1120 1001 pauper
1157 935 1213 980 et
1256 925 1441 978 infima

486 1022 555 1075 de
599 1027 766 1090 gente
812 1017 914 1070 sub
949 1015 1076 1068 divo
1115 1011 1367 1074 moreris,

568 1103 790 1158 victima
833 1101 914 1156 nil
957 1097 1269 1152 miserantis
1314 1094 1477 1150 Orci:

401 1232 592 1290 omnes
639 1232 832 1287 eodem
879 1228 1142 1300 cogimur,
1189 1224 1431 1279 omnium

398 1326 648 1377 versatur
693 1334 830 1370 urna
875 1314 1050 1369 serius
1097 1311 1249 1368 ocius

485 1424 600 1462 sors
647 1403 865 1456 exitura
906 1407 962 1453 et
1005 1417 1105 1452 nos
1149 1397 1207 1450 in
1252 1402 1536 1448 aeternum

573 1489 802 1546 exilium
845 1484 1154 1559 inpositura
1199 1482 1441 1536 cumbae.

1219 1762 1307 1817 IV

404 1922 494 1976 Ne
540 1920 613 1975 sit
657 1917 887 1972 ancillae
931 1912 1036 1968 tibi
1083 1927 1236 1964 amor
1278 1902 1496 1979 pudori,

403 2005 655 2062 Xanthia
695 2005 951 2058 Phoceu:
998 1997 1152 2071 prius
1196 1993 1527 2050 insolentem

404 2111 562 2147 serva
603 2089 814 2145 Briseis
859 2086 1021 2140 niveo
1070 2082 1257 2136 colore

529 2175 703 2231 movit
743 2172 1046 2236 Achillem3

405 2305 579 2361 movit
620 2286 852 2358 Aiacem
895 2289 1203 2354 Telamcne
1249 2299 1439 2346 natum

401 2395 579 2448 forma
621 2387 870 2461 captivae
915 2382 1196 2438 dominum
1242 2379 1601 2439 Tecmessac;

405 2477 542 2533 arsit
583 2473 812 2529 Atrides
857 2468 1042 2524 medio
1087 2469 1147 2520 in
1190 2463 1468 2535 triumpho

533 2559 751 2633 virgine
795 2566 972 2628 rapta,

403 2693 673 2749 barbarae
717 2694 1010 2760 postquam
1056 2679 1311 2735 cecidere
1353 2683 1565 2729 turmae

410 2775 682 2835 Thessalo
727 2773 936 2826 victore
983 2776 1039 2822 et·
1084 2767 1377 2836 ademptus
1422 2761 1635 2814 Hector

403 2863 638 2922 tradidit
682 2857 840 2913 fessis
883 2855 1090 2910 leviora
1132 2849 1259 2905 tolli

534 2949 806 3018 Pergama
850 2939 1033 2996 GraiS.

405 3077 617 3135 nescias
661 3092 731 3128 an
772 3080 829 3126 te
873 3086 1138 3144 generum
1179 3062 1332 3119 beati

404 3161 680 3235 Phyllidis
723 3161 897 3214 flavae
941 3157 1206 3209 decorent
1250 3154 1545 3220 parentes;

405 3250 621 3322 regium
664 3251 811 3300 certe
855 3258 1028 3312 genus
1075 3246 1131 3293 et
1173 3233 1391 3307 penatis

537 3338 747 3388 maeret
790 3328 1031 3398 iniquos.

408 3463 572 3519 crede
614 3479 726 3514 non
766 3458 918 3512 illam
959 3453 1065 3508 tibi
1111 3453 1180 3506 de
1225 3448 1469 3504 scelesta

405 3549 572 3624 plebe
616 3545 890 3612 dilectam,
935 3556 1117 3612 neque
1161 3535 1243 3592 sic
1284 3534 1525 3596 fidelem,
