2459 3959
242 229 369 289 168
993 233 1450 288 SATIRARVM

366 386 602 459 pugnis;
650 395 787 459 quot
831 386 1072 458 capitum
1117 386 1329 452 vivunt,
1376 386 1608 442 totidem
1654 387 1963 442 studiorum

370 472 544 526 milia.
631 491 720 526 me
763 473 996 544 pedibus
1042 472 1284 526 delectat
1330 472 1587 528 claudere
1632 475 1803 528 verba

369 557 550 613 Lucili
594 557 723 620 ritu,
769 567 1021 611 nostrum
1066 557 1309 610 melioris
1354 565 1611 630 utroque.

247 647 322 698 80
369 643 468 697 ille
511 643 666 698 velut
710 642 833 696 fidis
881 660 1080 696 arcana
1123 641 1405 696 sodalibus
1452 643 1585 697 olim

373 729 638 782 credebat
680 727 859 795 libris,
905 747 1104 800 neque,
1152 728 1198 782 si
1244 728 1387 782 male
1432 737 1695 795 cesserat,
1742 745 1973 798 usquam

372 814 671 867 decurrens
717 813 848 877 alio,
895 831 1077 884 neque
1123 813 1171 867 si
1215 813 1388 866 bene:
1436 832 1547 884 quo
1594 815 1658 868 fit
1702 821 1764 867 ut
1808 812 1984 867 omnis

370 899 560 953 votiva
603 905 792 970 pateat
835 898 1010 952 veluti
1052 899 1331 969 descripta
1374 899 1581 952 tabella

373 983 491 1038 vita
536 983 702 1038 senis.
748 1001 950 1055 sequor
993 985 1158 1051 hunc,
1204 984 1463 1038 Lucanus
1508 1003 1578 1038 an
1623 983 1879 1055 Appulus
1924 1001 2136 1054 anceps:

251 1073 324 1124 35
373 1088 501 1124 nam
546 1068 866 1124 Venusinus
913 1078 1034 1123 arat
1077 1070 1244 1123 finem
1289 1072 1391 1123 sub
1437 1079 1735 1141 utrumque
1780 1070 2023 1132 colonus,

372 1154 572 1210 missus
618 1157 688 1210 ad
731 1155 860 1222 hoc,
905 1154 1099 1227 pulsis,
1146 1163 1308 1208 vetus
1356 1163 1441 1209 est
1485 1163 1548 1208 ut
1590 1158 1751 1220 fama,
1800 1154 2052 1220 Sabellis,

375 1259 487 1312 quo
531 1258 602 1294 ne
644 1258 748 1312 per
789 1257 1026 1294 vacuum
1070 1240 1323 1294 Romano
1367 1239 1675 1295 incurreret
1718 1241 1911 1303 hostis,

376 1327 494 1380 sive
538 1326 688 1397 quod
737 1325 962 1398 Appula
1005 1343 1142 1396 gens
1189 1344 1286 1379 seu
1331 1327 1483 1397 quod
1526 1325 1772 1380 Lucania
1816 1324 2023 1379 bellum

373 1410 650 1466 incuteret
693 1410 954 1466 violenta.
1043 1412 1142 1465 sed
1187 1410 1279 1465 hic
1324 1410 1483 1464 stilus
1528 1412 1677 1465 haud
1719 1418 1875 1484 petet
1920 1410 2065 1462 ultro

253 1499 330 1548 40
379 1514 714 1568 quemquam
758 1496 1096 1550 animantem
1141 1505 1197 1550 et
1242 1513 1329 1550 me
1372 1496 1546 1551 veluti
1591 1496 1869 1551 custodiet
1912 1495 2059 1552 ensis

380 1579 581 1654 vagina
623 1589 834 1635 tectus:
880 1600 1045 1654 quem
1091 1599 1190 1635 cur
1235 1581 1581 1654 destringere
1628 1599 1794 1636 coner

379 1674 532 1721 tutus
579 1667 649 1720 ab
694 1666 912 1721 infestis
957 1666 1310 1722 latronibus?
1356 1685 1389 1720 o
1433 1675 1593 1739 pater
1636 1675 1693 1721 et
1736 1685 1839 1721 rex

377 1751 650 1822 Iuppiter,
696 1760 759 1804 ut
803 1761 997 1822 pereat
1038 1752 1285 1823 positum
1329 1751 1585 1824 robigine
1628 1752 1819 1816 telum,

379 1853 485 1891 nec
528 1836 821 1909 quisquam
865 1847 1062 1891 noceat
1106 1839 1307 1910 cupido
1351 1837 1488 1891 mihi
1532 1837 1714 1908 pacis!
1762 1846 1820 1891 at
1861 1836 1980 1905 ille,

252 1925 327 1974 45
379 1921 476 1993 qui
519 1939 608 1976 me
652 1922 922 1976 conmorit
964 1950 1050 1958 —
1094 1923 1289 1976 melius
1336 1941 1448 1976 non
1491 1930 1740 1993 tangere,
1788 1923 1965 1978 clamo
2011 1948 2116 1985 —-‚

377 2006 538 2062 flebit
580 2016 637 2061 et
679 2007 916 2078 insignis
960 2015 1079 2061 tota
1122 2007 1436 2062 cantabitur
1480 2009 1636 2062 urbe.

380 2091 611 2147 Cervius
654 2092 827 2147 iratus
871 2093 1023 2164 leges
1069 2093 1355 2147 minitatur
1401 2101 1459 2147 et
1503 2111 1719 2161 urnam,

383 2177 617 2234 Canidia
661 2176 857 2231 Albuti
901 2179 1103 2249 quibus
1149 2188 1239 2233 est
1283 2178 1504 2232 inimica
1546 2196 1841 2243 venenum,

382 2264 597 2335 grande
640 2263 846 2316 malum
889 2262 1117 2332 Turius,
1162 2263 1348 2336 siquid
1392 2282 1449 2318 se
1494 2261 1677 2318 iudice
1722 2273 1927 2319 certes:

257 2351 334 2403 50
382 2357 448 2403 ut
489 2366 600 2420 quo
646 2347 883 2419 quisque
929 2349 1074 2404 valet
1121 2357 1405 2420 suspectos
1449 2357 1676 2415 terreat,
1722 2357 1896 2422 utque

379 2435 615 2505 imperet
657 2434 764 2488 hoc
809 2441 1010 2488 natura
1050 2443 1273 2506 potenS,
1317 2433 1399 2488 sic
1444 2434 1662 2504 conlige
1708 2452 1947 2489 mecum.

381 2520 548 2572 dente
591 2517 775 2590 lupuS,
821 2536 994 2573 cornu
1038 2528 1227 2573 taurus
1270 2519 1432 2592 petit,
1480 2520 1627 2574 uude
1671 2519 1781 2573 nisi
1824 2520 1977 2574 intus

382 2605 788 2658 monstratum?
835 2605 1076 2660 Scaevae
1120 2605 1366 2659 vivacem
1414 2606 1579 2659 crede
1624 2605 1817 2676 nepoti

384 2697 646 2756 matrem3
692 2689 771 2743 nil
813 2690 981 2744 faciet
1023 2690 1247 2745 sceleris
1291 2690 1385 2762 pia
1430 2692 1685 2744 dextera:
1732 2689 1991 2744 nimirum

262 2774 338 2825 55
387 2784 451 2829 ut
479 2792 659 2846 neque
689 2776 841 2830 calce
871 2776 1035 2847 lupus
1067 2794 1421 2848 quemquam,
1467 2794 1650 2847 neque
1682 2777 1851 2830 dente
1894 2774 2043 2850 petit
2086 2775 2213 2826 bos:

389 2861 489 2914 sed
531 2859 678 2913 mala
720 2861 884 2915 tollet
929 2879 1095 2914 anum
1138 2861 1334 2916 vitiato
1381 2861 1547 2915 melle
1594 2861 1791 2915 cicuta.

387 2963 458 2999 ne
501 2945 727 3016 longum
771 2946 998 3000 faciam:
1045 2965 1141 3000 seu
1181 2965 1269 3000 me
1315 2946 1616 3018 tranquilla
1662 2953 1921 3001 senectus

394 3039 679 3102 expectat,
729 3050 826 3085 seu
871 3049 1019 3085 mors
1064 3030 1196 3085 atris
1244 3031 1601 3087 circumvolat
1646 3031 1775 3098 alis3

392 3116 567 3183 dives,
614 3116 796 3188 inops,
841 3117 1053 3170 Romae
1099 3135 1195 3170 seu
1241 3117 1356 3171 fors
1404 3116 1483 3170 ita
1526 3115 1747 3171 iusserit
1791 3116 1941 3179 exul,

269 3202 344 3250 60
394 3200 645 3272 quisquis
691 3201 798 3256 erit
843 3202 993 3256 vitae
1039 3201 1277 3257 scribam
1325 3202 1499 3256 color.
1590 3199 1644 3255 ‘o
1689 3219 1832 3272 puer
1876 3212 1938 3253 ut
1984 3201 2059 3252 sis

392 3285 578 3339 vitalis
623 3295 810 3340 metuo
857 3296 912 3341 et
957 3287 1223 3342 maiorum
1272 3287 1467 3358 nequis
1514 3286 1719 3340 amicus

395 3370 602 3440 frigore
645 3380 702 3423 te
746 3371 951 3424 feriat.’
1039 3372 1217 3442 quid?
1263 3389 1385 3425 cum
1432 3380 1518 3426 est
1562 3371 1812 3425 Lucilius
1858 3388 2026 3424 ausus

393 3455 605 3525 primus
651 3453 707 3508 in
751 3456 898 3509 hunc
944 3457 1128 3528 operis
1172 3474 1487 3528 conponere
1536 3458 1779 3510 carmina
1824 3473 2052 3521 morem,

2176 3447 2228 3478 νὴ
