2459 3959
606 904 1844 1026 EPISTVLARVM

893 1108 1124 1163 LIBER
1168 1106 1570 1162 SECVNDVS

1217 1291 1243 1342 Ι

374 1430 515 1485 Cum
560 1441 647 1486 tot
690 1434 965 1489 sustineas
1010 1442 1067 1490 et
1109 1443 1264 1489 tanta
1307 1433 1537 1505 negotia
1583 1431 1752 1500 solus,

370 1535 465 1571 res
506 1518 679 1573 Italas
723 1518 889 1575 armis
932 1520 1150 1587 tutan-ia,
1196 1519 1443 1577 moribus
1487 1536 1672 1585 orneS,

373 1603 595 1675 legibus
640 1606 925 1673 emendes,
968 1606 1027 1659 in
1070 1600 1300 1676 publica
1343 1605 1629 1661 commoda
1671 1620 1914 1675 peccem,

380 1688 429 1741 si
473 1689 644 1761 longo
690 1707 944 1746 sermone
986 1709 1170 1745 morer
1212 1700 1312 1746 tua
1356 1700 1624 1761 tempora,
1673 1688 1894 1743 Caesar.

298 1780 333 1828 5
382 1774 653 1829 Romulus
698 1782 757 1829 et
796 1776 971 1831 Liber
1012 1784 1175 1848 pater
1218 1785 1274 1831 et
1321 1794 1446 1831 cum
1493 1774 1723 1829 Castore
1767 1775 1986 1841 Pollux,

392 1867 522 1929 post
562 1860 815 1933 ingentia
854 1862 1003 1915 facta
1047 1863 1277 1916 deorum
1319 1861 1379 1915 iu
1422 1860 1631 1931 templa
1674 1860 1903 1931 recepti,

390 1947 523 1998 dum
570 1955 745 2001 terras
788 1945 1187 2019 hominumque
1230 1948 1420 2003 colunt
1465 1965 1667 2017 genus,
1718 1962 1918 2017 aspera
1961 1943 2112 1997 bella

400 2042 746 2101 conponunt,
792 2050 957 2103 agros
998 2033 1318 2105 adsignant,
1365 2034 1568 2105 oppidu
1613 2033 1880 2097 condunt,

386 2116 675 2187 ploravere
720 2116 833 2171 suis
878 2136 992 2172 non
1034 2120 1374 2189 respondere
1420 2120 1666 2173 favorem

258 2209 335 2257 10
384 2211 668 2273 speratum
710 2201 941 2257 meritis.
1012 2204 1189 2257 diram
1235 2204 1330 2275 qui
1377 2202 1630 2257 contudit
1673 2203 1904 2273 hydram

387 2295 635 2359 notaque
676 2288 833 2341 fatali
876 2296 1137 2360 portenta
1179 2288 1372 2344 labore
1417 2288 1660 2359 subegit,

390 2371 643 2444 conperit
684 2372 951 2427 invidiam
994 2390 1254 2445 supremo
1298 2375 1408 2428 fine
1451 2373 1682 2427 domari.

388 2458 503 2512 urit
546 2458 693 2515 enim
734 2457 953 2531 fulgore
998 2477 1118 2525 su0‚
1166 2458 1262 2530 qui
1306 2469 1637 2531 praegravat
1679 2459 1813 2514 artis

391 2543 535 2598 infra
578 2562 641 2598 se
682 2544 930 2615 positas:
976 2544 1257 2599 extinctus
1301 2545 1577 2598 amabitur
1619 2544 1784 2598 idem.

270 2637 344 2685 15
394 2628 675 2699 praesenti
720 2628 828 2682 tibi
872 2637 1118 2687 maturos
1164 2629 1432 2701 largimur
1474 2630 1716 2684 honores

393 2714 769 2785 iurandasque
812 2722 969 2769 tuum
1011 2733 1111 2787 per
1156 2732 1360 2769 numen
1403 2715 1660 2789 ponimus
1707 2732 1850 2780 aras,

392 2800 474 2854 nil
516 2798 787 2857 oriturum
832 2800 987 2866 alias,
1032 2800 1111 2854 nil
1154 2810 1335 2855 ortum
1378 2800 1490 2855 tale
1534 2802 1790 2855 fatentes.

396 2887 494 2941 sed
536 2893 667 2940 tuus
712 2885 802 2941 hic
845 2885 1104 2957 populus,
1150 2886 1367 2959 sapiens
1413 2894 1473 2941 et
1514 2885 1692 2939 iustus
1738 2883 1796 2937 in
1839 2900 1951 2937 uno

396 2983 453 3025 te
496 2970 701 3027 nostris
747 2971 999 3038 ducibus,
1044 2980 1101 3027 te
1148 2972 1312 3027 Grais
1357 2971 1736 3037 anteferendo,

271 3064 349 3111 20
399 3065 588 3111 cetera
631 3074 985 3128 nequaquam
1032 3057 1199 3111 simili
1243 3055 1460 3111 ratione
1503 3055 1779 3126 modoque

398 3142 677 3210 aestimat,
724 3149 783 3195 et
825 3140 931 3195 nisi
975 3159 1116 3213 quae
1158 3141 1322 3197 terris
1369 3148 1581 3197 semota
1624 3139 1850 3212 suisque

396 3227 740 3299 temporibus
786 3227 1049 3281 defuncta
1092 3226 1263 3295 videt,
1307 3226 1524 3281 fastidit
1565 3232 1623 3281 et
1668 3226 1805 3293 odit,

399 3316 479 3368 sie
520 3313 703 3369 fautor
747 3320 1019 3381 veterum,
1068 3322 1130 3367 ut
1172 3313 1390 3367 tabulas
1433 3329 1666 3383 peccare
1708 3309 1943 3367 vetantis

398 3414 537 3469 quas
580 3398 665 3453 bis
711 3395 958 3469 quinque
1002 3397 1108 3451 viri
1152 3408 1478 3465 sanxerunt,
1521 3398 1750 3451 foedera
1791 3414 1984 3467 rogum

272 3490 350 3539 25
400 3484 493 3539 vel
538 3481 733 3537 Gabiis
782 3482 871 3535 vel
916 3500 1037 3535 cum
1083 3482 1276 3554 rigidis
1321 3491 1559 3553 aequata
1607 3482 1845 3549 Sabinis,
