2459 3959
902 312 1137 369 LIBER
1179 314 1227 369 1.
1277 322 1440 369 2—4

182 471 263 521 25
316 466 501 539 prima
543 466 687 520 feres
732 468 934 521 ederae
978 466 1219 523 victricis
1265 467 1532 542 praemia,
1599 472 1748 541 quod
1791 472 1841 529 si

315 552 525 623 frigida
568 568 824 606 curarum
868 554 1115 608 fomenta
1157 554 1474 627 relinquere
1518 573 1735 627 posseS,

321 657 434 709 quo
478 646 535 693 te
580 638 838 693 caelestis⁴
880 638 1153 710 sapientia
1198 642 1444 708 duceret,
1491 639 1622 697 ires.

315 726 425 779 hoc
468 741 629 794 opus,
674 724 781 777 hoc
826 724 1070 779 studium
1111 726 1274 797 parvi
1317 744 1680 799 properemus
1725 736 1784 783 et
1825 726 2018 801 ampli,

323 810 372 865 si
413 808 629 881 patriae
672 809 945 877 volumus,
993 810 1041 864 si
1083 810 1244 865 nobis
1289 811 1476 867 vivere
1522 811 1660 868 cari.

186 898 271 949 30
325 897 495 950 debes
539 894 646 949 hoc
689 894 857 948 etiam
900 896 1231 965 rescribere,
1278 896 1324 951 si
1368 897 1474 952 tibi
1518 915 1684 952 curae

326 988 565 1053 quantae
608 980 905 1034 conveniat
945 981 1256 1048 Munatius,
1301 1000 1372 1037 an
1414 983 1559 1037 male
1605 992 1755 1037 sarta

326 1066 507 1138 gratia
549 1066 885 1138 nequiquam
933 1066 1047 1120 coit
1091 1074 1149 1121 et
1190 1068 1544 1122 rescinditur.
1599 1076 1658 1123 at
1700 1087 1799 1124 vos

328 1170 426 1206 seu
470 1151 681 1205 calidus
726 1151 953 1221 sanguis
998 1170 1099 1206 seu
1140 1170 1326 1206 rerum
1370 1153 1592 1208 inscitia
1635 1164 1802 1211 vexat

327 1236 601 1291 indomita
644 1237 855 1290 cervice
898 1238 1067 1306 feros,
1111 1237 1430 1310 ubicunque
1473 1240 1723 1293 locorum

196 1327 277 1376 35
327 1322 536 1390 vivitis,
582 1322 799 1393 indigni
839 1323 1145 1377 fraternum
1188 1342 1447 1395 rumpere
1490 1324 1706 1391 foedus,

327 1409 575 1481 pascitur
616 1408 675 1462 in
719 1414 969 1463 vestrum
1011 1408 1252 1463 reditum
1297 1410 1486 1464 votiva
1527 1409 1778 1466 iuvenca.

1133 1796 1220 1851 IV

334 1960 489 2029 Albi,
536 1968 851 2016 nostrorum
898 1978 1209 2014 sermonum
1257 1958 1493 2015 candide
1537 1958 1726 2027 iudex,

339 2046 476 2119 quid
519 2066 667 2101 nunc
709 2056 765 2101 te
812 2046 991 2100 dicam
1034 2046 1217 2101 facere
1264 2046 1321 2099 in
1366 2046 1594 2117 regione
1640 2044 1914 2099 Pedana?

341 2132 583 2187 scribere
628 2134 779 2205 quod
829 2131 982 2185 Cassi
1028 2132 1347 2186 Parmensis
1393 2130 1660 2203 opuscula
1702 2130 1908 2199 vincat,

341 2236 413 2273 an
457 2218 690 2272 tacitum
737 2218 901 2272 silvas
946 2218 1097 2271 inter
1136 2224 1358 2289 reptare
1407 2216 1664 2284 salubris,

255 2308 293 2358 5
344 2313 629 2359 curantem
674 2302 947 2375 quidquid
993 2303 1220 2373 dignum
1269 2302 1518 2373 sapiente
1561 2302 1823 2372 bonoque
1869 2299 1993 2354 est?

342 2408 454 2443 non
500 2398 561 2444 tu
608 2406 809 2460 corpus
856 2406 979 2443 eras
1024 2388 1144 2443 sine
1189 2396 1443 2460 pectore:
1492 2386 1549 2439 di
1594 2386 1699 2439 tibi
1741 2386 1992 2453 formam,
2043 2374 2051 2383 ’

345 2474 404 2527 di
450 2474 556 2529 tibi
600 2474 821 2528 divitias
867 2475 1140 2527 dederunt
1186 2480 1471 2545 artemque
1514 2470 1756 2528 fruendi.

345 2560 478 2632 quid
522 2569 724 2615 voveat
766 2558 919 2613 dulci
961 2558 1240 2613 nutricula
1282 2558 1458 2612 maius
1504 2557 1743 2625 alumn0,

345 2646 443 2718 qui
488 2663 681 2718 sapere
726 2652 783 2699 et
824 2643 929 2699 fari
973 2644 1156 2715 possit
1198 2661 1341 2715 quae
1387 2644 1608 2705 sentiat,
1655 2650 1712 2697 et
1755 2639 1846 2697 cui

217 2738 293 2788 10
341 2732 542 2803 gratia,
588 2732 756 2798 fama,
802 2730 1066 2785 valetudo
1112 2729 1401 2800 contingat
1443 2730 1681 2796 abunde,

340 2826 399 2871 et
440 2818 679 2871 mundus
722 2816 928 2885 victus,
976 2834 1086 2869 non
1135 2815 1424 2869 deficiente
1469 2811 1774 2869 crumena?

338 2902 486 2957 inter
530 2921 684 2974 spem
730 2919 1047 2974 curamque,
1096 2900 1326 2955 timores
1369 2900 1520 2954 inter
1563 2908 1619 2953 et
1661 2898 1772 2952 iras

342 3005 560 3042 omnem
605 2990 769 3043 crede
816 2988 963 3041 diem
1005 2986 1112 3041 tibi
1156 2986 1426 3040 diluxisse
1470 3000 1814 3056 supremum:

342 3081 502 3145 grata
542 3073 901 3145 superveniet
946 3090 1089 3144 quae
1132 3090 1244 3126 non
1291 3071 1607 3143 sperabitur
1648 3069 1808 3122 hora.

216 3166 292 3216 15
342 3177 431 3213 me
472 3159 737 3231 pinguem
782 3166 842 3213 et
883 3158 1124 3212 nitidum
1168 3160 1313 3212 bene
1358 3164 1546 3211 curata
1589 3162 1716 3209 cute
1759 3150 1928 3221 vises,

342 3262 465 3301 cum
509 3244 695 3300 ridere
740 3244 895 3299 voles
940 3242 1172 3316 Epicuri
1217 3244 1290 3297 de
1333 3258 1505 3315 grege
1550 3257 1800 3315 porcum.

2017 314 2146 379 zm
