2459 3959
955 326 1189 382 UBER
1226 326 1274 381 1³
1327 332 1574 382 13—15
2119 320 2249 382 219

412 481 473 537 in
520 481 685 555 culpa
729 488 815 535 est
860 480 1096 549 animus,
1144 480 1244 554 qui
1289 498 1348 535 se
1391 498 1505 535 non
1549 478 1746 553 effugit
1790 498 2054 555 uuquam.

412 575 475 622 tu
519 566 887 622 mediastinus
930 565 1102 620 tacita
1144 582 1312 638 prece
1356 583 1490 621 rura
1531 566 1782 638 petebas,

285 658 363 707 15
413 670 564 708 nunc
610 654 806 707 urbem
850 657 909 706 et
952 651 1115 707 ludos
1163 660 1221 707 et
1262 652 1468 707 balnea
1509 650 1704 705 vilicus
1748 659 1938 724 optas:

410 756 501 793 me
544 746 803 793 constare
847 736 984 791 mihi
1029 736 1137 792 scis
1183 744 1242 791 et
1287 736 1574 792 discedere
1619 735 1853 804 tristem,

415 824 862 894 quandocunque
904 822 1137 878 trahunt
1177 820 1362 877 invisa
1405 821 1638 893 negotia
1680 822 1935 879 Romam.

411 899 541 964 non'
572 910 768 963 eadem
810 906 1108 962 miramur:
1154 924 1223 963 eo
1270 907 1623 963 disconvenit
1668 906 1818 963 inter

415 984 617 1066 meque
662 1002 720 1048 et
762 1000 841 1047 te.
888 1010 1017 1047 nam
1059 1010 1203 1065 quae
1249 994 1474 1049 deserta
1517 1000 1576 1048 et
1617 990 1904 1064 inhospita
1946 1000 2148 1065 tesqua

294 1082 373 1135 20
420 1079 619 1147 credis,
667 1096 901 1134 amoena
942 1086 1108 1133 vocat
1152 1096 1368 1134 mecum
1413 1078 1510 1151 qui
1555 1078 1746 1142 sentit,
1793 1085 1852 1133 et
1895 1079 2018 1133 odit

420 1182 564 1236 quae
607 1171 669 1219 tu
712 1164 945 1236 pulchra
986 1172 1170 1236 putas.
1214 1163 1402 1219 fornix
1443 1162 1552 1219 tibi
1596 1171 1654 1218 et
1697 1171 1868 1218 uncta
1909 1163 2118 1236 popina

420 1249 703 1304 incutiunt
747 1249 899 1304 urbis
943 1248 1302 1319 desiderium,
1365 1249 1555 1317 video,
1601 1256 1658 1303 et
1703 1250 1856 1321 quod

422 1335 659 1407 angulus
704 1334 811 1389 iste
854 1334 999 1389 feret
1039 1334 1201 1407 piper
1245 1342 1302 1389 et
1345 1343 1437 1389 tus
1482 1333 1640 1391 ocius
1682 1352 1812 1403 uva,

422 1436 525 1475 nec
572 1419 753 1475 vicina
799 1421 993 1476 subest
1034 1418 1226 1475 vinum
1271 1420 1541 1493 praebere
1585 1419 1821 1474 taberna

297 1511 373 1561 25
424 1523 567 1577 quae
612 1505 793 1577 possit
836 1504 959 1572 tibi,
1002 1523 1107 1561 uec
1150 1505 1424 1561 meretrix
1465 1503 1716 1571 tibicina,
1764 1503 1920 1558 cuius

424 1592 495 1644 ad
539 1590 834 1661 strepitum
879 1590 1044 1646 salias
1088 1599 1273 1645 terrae
1317 1590 1534 1662 gravis:
1581 1597 1639 1645 et
1681 1598 1870 1644 tamen
1913 1604 2116 1663 urgues

423 1674 533 1729 iam
576 1675 793 1748 pridem
838 1692 950 1730 non
995 1684 1147 1731 tacta
1190 1675 1470 1747 ligonibus
1515 1693 1648 1730 arva
1691 1676 2000 1747 bovemque

424 1760 765 1816 disiunctum
810 1778 969 1816 curas
1016 1770 1075 1817 et
1117 1760 1326 1817 strictis
1371 1760 1660 1825 frondibus
1707 1762 1934 1834 expleat

426 1845 585 1899 addit
624 1862 765 1919 opus
807 1846 972 1918 pigro
1016 1846 1186 1915 rivus,
1232 1846 1282 1901 si
1327 1846 1538 1902 decidit
1579 1845 1776 1914 imber,

300 1936 380 1987 30
426 1932 602 1987 multa
644 1932 787 1987 mole
835 1933 1120 1987 docendus
1163 1908 1354 2005 aprico
1398 1949 1627 2004 parcere
1670 1938 1856 2005 prato.

430 2034 579 2070 nunc
623 2034 749 2089 age,
798 2016 934 2088 quid
976 2025 1227 2072 nostrum
1275 2026 1603 2073 concentum
1647 2016 1880 2081 dividat,
1925 2014 2074 2069 audi.

434 2119 601 2173 quem
642 2111 841 2157 tenues
887 2103 1126 2157 decuere
1167 2110 1338 2175 togae
1383 2102 1661 2174 nitidique
1705 2098 1912 2172 capilli,

432 2205 595 2258 quem
642 2186 751 2241 scis
796 2186 1078 2243 inmunem
1125 2184 1360 2242 Cinarae
1403 2187 1682 2261 placuisse
1724 2185 1936 2258 rapaci,

431 2291 595 2344 quem
642 2272 895 2327 bibulum
938 2273 1140 2345 liquidi
1182 2273 1366 2329 media
1409 2274 1480 2327 de
1522 2274 1646 2328 luce
1689 2270 1936 2339 Falerni,

303 2364 381 2413 35
433 2374 571 2413 cena
616 2358 801 2414 brevis
844 2357 999 2413 iuvat
1040 2366 1097 2413 et
1142 2376 1314 2432 prope
1357 2357 1538 2412 rivum
1583 2376 1809 2413 somnus
1855 2356 1914 2411 in
1958 2338 2192 2411 herba.

425 2462 529 2499 nec
572 2443 769 2499 lusisse
812 2445 1003 2514 pudet,
1048 2446 1150 2499 sed
1193 2461 1305 2499 non
1348 2442 1596 2499 incidere
1642 2442 1855 2497 ludum.

425 2547 539 2583 non
584 2528 711 2584 istic
756 2529 987 2600 obliquo
1032 2530 1191 2585 oculo
1238 2546 1361 2584 mea
1403 2530 1696 2583 commoda
1738 2526 2034 2602 quisquam

422 2613 597 2682 limat,
642 2632 754 2669 non
801 2613 932 2669 odio
977 2614 1213 2670 obscuro
1259 2631 1560 2685 morsuque
1601 2619 1876 2669 venenat:

420 2698 610 2754 rident
653 2698 822 2755 vicini
867 2699 1059 2771 glebas
1104 2709 1162 2756 et
1204 2716 1342 2755 saxa
1381 2706 1722 2754 moventem.

295 2791 375 2841 40
425 2802 549 2839 cum
592 2784 767 2840 servis
813 2786 1025 2839 urbana
1069 2784 1248 2840 diaria
1288 2785 1492 2841 rodere
1535 2784 1740 2852 mavis3

422 2870 620 2925 borum
662 2878 727 2925 tu
768 2870 827 2923 iu
870 2888 1164 2925 numerum
1209 2878 1340 2925 voto
1384 2869 1534 2924 ruis:
1579 2869 1795 2925 invidet
1837 2882 1998 2921 usum

422 2954 701 3027 lignorum
746 2963 803 3009 et
845 2955 1064 3027 pecoris
1108 2955 1215 3010 tibi
1259 2956 1381 3011 calo
1429 2962 1662 3027 argutus
1707 2960 1766 3008 et
1807 2949 1972 3005 horti.

423 3048 583 3113 optat
625 3040 892 3113 ephippia
932 3042 1034 3097 bos
1078 3040 1260 3114 piger,
1309 3048 1467 3113 optat
1509 3056 1670 3095 arare
1711 3037 1980 3093 caballus.

426 3144 593 3198 quam
636 3125 743 3181 scit
787 3135 1041 3198 uterque,
1085 3126 1286 3195 libens,
1334 3124 1596 3193 censebo,
1641 3131 1900 3179 exerceat
1939 3128 2134 3177 artem.

1214 3363 1334 3419 XV

426 3484 584 3551 Quae
629 3484 703 3541 sit
744 3484 921 3539 hiems
966 3483 1181 3553 Veliae,
1228 3484 1381 3555 quod
1428 3482 1656 3553 caelum,
1702 3484 1867 3552 Vala,
1910 3482 2149 3550 Saierni,

422 3586 659 3642 quorum
687 3569 973 3625 homiuum
1015 3569 1175 3641 regio
1221 3577 1278 3623 et
1303 3568 1484 3641 qualis
1526 3570 1620 3624 via
1647 3594 1733 3607 --
1763 3587 1892 3623 nam
1917 3567 2054 3623 mihi
2081 3566 2244 3623 Baias
