2459 3959
1967 314 2119 387 m

137 455 211 517 in
309 456 463 518 raes.
495 476 560 539 p.
587 474 680 518 lx.
727 456 841 539 qui
887 466 1096 519 totum
1144 476 1404 519 carmen
1452 470 1821 541 suspectare
1870 458 2121 522 studuit

134 538 258 602 IA
361 539 549 624 aehly
569 541 636 604 in
665 564 728 603 n.
755 564 922 604 mus.
946 540 1228 605 rhen.X.
1261 545 1379 605 127
1427 562 1523 625 sq.
1544 590 1559 617 ‚
1607 541 1661 605 is
1706 564 1833 605 non
1867 554 1967 606 est
1996 544 2123 607 nisi

141 625 562 689 futilissimis
623 625 984 690 rationibus
1038 648 1194 690 usus
1236 627 1265 707 ΙΙ
1309 628 1347 689 2
1393 625 1475 689 de
1532 628 1705 692 litore
1766 632 1994 694 maline
2038 628 2121 693 of.

138 710 428 775 Weisk.
474 711 518 775 l.
565 710 605 774 l.
652 734 716 797 p.
766 714 888 777 350
935 713 1080 775 adn.
1114 713 1210 795 115
1246 712 1545 777 aethereas
1587 713 1916 778 verissime
1954 715 2122 779 coni.

135 796 228 861 M
307 796 378 859 in
441 795 677 860 Philol.
738 798 778 861 1.
841 798 882 859 l.
947 800 1056 872 (ef.
1101 797 1372 861 Lachm.
1433 798 1516 859 ad
1572 796 1653 861 L.
1698 820 1761 883 p.
1810 802 1977 874 167.)
2033 798 2118 863 Η.

140 884 378 947 aerias
417 881 566 945 libri
609 883 638 965 ΙΙ
691 885 769 947 18
815 885 1010 947 avidis
1074 894 1222 946 ante
1266 881 1324 944 B
1366 886 1389 965 ΙΙ
1436 883 1515 947 19
1559 906 1768 948 senum
1832 888 2122 949 iuvenum

141 968 336 1033 eoni.
384 966 476 1030 M.
523 968 586 1031 in
634 967 830 1052 praef.
877 990 941 1052 p.
980 988 1047 1033 lx
1091 969 1120 1049 ΙΙ
1161 971 1523 1033 densentur:
1588 968 1855 1033 Lachm.
1910 970 1993 1033 ad
2035 969 2119 1033 L.

144 1077 209 1139 p.
271 1054 409 1117 294
453 1055 482 1135 ΙΙ
529 1053 610 1117 24
669 1054 751 1115 de
810 1052 993 1117 hiatu
1060 1057 1248 1139 capiti
1308 1054 1624 1119 inhumato
1691 1077 1749 1117 v.
1810 1054 1903 1118 M.
1973 1056 2015 1117 l.
2076 1056 2120 1119 l.

144 1138 341 1203 conl.
389 1161 451 1224 p.
497 1156 662 1201 XLII.
714 1136 1011 1224 Wagner
1066 1153 1310 1223 quaest.
1371 1138 1570 1222 Verg.
1613 1160 1700 1204 x1.
1746 1140 1810 1202 in
1875 1141 2029 1204 edit.
2077 1154 2121 1203 t.

143 1244 268 1373 θ’.
309 1224 567 1374 W.-
613 1224 778 1287 ”¹³¹⁶
810 1224 1112 1374 ..ἓξὲξ
1139 1309 1673 1375 xm
1741 1224 1979 1375 ¹¹1?st
2020 1229 2119 1376 ¹3·

273 1358 290 1371 .
431 1356 446 1371 .
581 1346 741 1371 .—
1005 1338 1026 1373 ι
1077 1360 1092 1374 .
1403 1342 1451 1371 .-
1615 1334 1777 1375 tro-3
1880 1334 2120 1377 anam:

150 1396 239 1458 ef.
297 1394 386 1461 B.
433 1394 510 1457 ad
564 1392 632 1459 S.
678 1393 732 1457 I.
782 1396 839 1459 6.
885 1397 986 1460 38.
1031 1394 1305 1461 Lachm.
1352 1395 1433 1458 ad
1478 1395 1559 1459 L.
1608 1418 1670 1479 p.
1696 1398 1818 1460 327
1864 1412 1991 1461 ext.
2038 1432 2123 1443 --

152 1478 463 1544 CARM.
509 1478 785 1546 XXXI.
830 1482 889 1545 3.
936 1484 976 1545 4
1021 1484 1257 1565 opimas
1302 1529 1316 1541 .
1365 1527 1380 1543 .
1410 1482 1649 1565 feracis
1708 1496 1856 1545 ante
1921 1482 1999 1545 Β.
2058 1498 2124 1547 et

155 1567 258 1629 sie
329 1564 546 1629 denuo
590 1564 646 1627 P
693 1568 718 1647 ΙΙ
766 1569 804 1631 5
863 1567 990 1629 lata
1045 1568 1208 1630 coni.
1270 1566 1365 1629 M.
1430 1566 1496 1630 in
1557 1567 1756 1652 praef.
1800 1586 1896 1631 lx.
1942 1578 2123 1653 yrata

151 1650 347 1725 libri,
395 1650 570 1731 quod
615 1651 766 1714 ferri
799 1674 925 1713 non
969 1674 1160 1737 posse
1189 1653 1353 1715 vidit
1388 1651 1443 1715 P
1474 1653 1498 1735 ΙΙ
1532 1652 1833 1736 strophas
1871 1654 2122 1716 tertiam

156 1748 610 1819 quartamque
638 1735 865 1799 ‘omnis
939 1738 1145 1801 eneris
1171 1738 1429 1823 ineptiis
1454 1736 1755 1823 repletas’
1802 1739 2125 1802 eiecerunt

154 1822 309 1886 PM
357 1822 382 1903 ΙΙ
431 1824 511 1887 18
558 1834 615 1885 et
699 1846 872 1887 recor
891 1758 1007 1885 54.
1052 1824 1191 1906 vir‘
1247 1824 1305 1887 la
1351 1834 1501 1908 post
1544 1835 1739 1887 mente
1781 1824 2009 1908 posita.
2056 1847 2125 1887 ac

157 1846 871 2075 {g.3.5.‚5.¹¹¹0³.f¹ffi.¹
909 1931 1116 2058 12:210}
1362 1950 1441 2061 1.-
1479 1906 1774 2079 F‘ffl
1803 1906 2122 2077 Xffi

160 2078 216 2142 I.
259 2080 482 2143 11.·16
527 2102 630 2163 ap.
677 2079 823 2143 HM
868 2078 1245 2164 typothetae
1291 2091 1363 2142 ut
1407 2080 1665 2145 videtur
1708 2077 1867 2144 vitio
1910 2102 2125 2144 navem

165 2166 532 2244 remansit).
575 2188 791 2229 navem
836 2184 1092 2245 semper
1111 2163 1301 2249 ΒΡῙ)7
1330 2164 1357 2249 ΙΙ
1390 2170 1467 2233 15
1497 2166 1649 2229 mihi
1680 2188 1931 2250 cumque
1950 2163 2125 2240 libri,

164 2251 236 2315 in
287 2268 418 2330 quo
461 2250 588 2313 iam
635 2250 1041 2315 offenderunt
1085 2249 1234 2313 BP=
1299 2263 1514 2315 tuetur
1556 2248 1798 2313 Bernh.
1853 2250 1919 2312 in
1970 2250 2125 2314 hist.

168 2336 300 2400 litt.
345 2357 501 2398 rom.
531 2336 674 2400 adn.
711 2338 858 2400 446.
903 2338 1320 2421 medicumque
1361 2335 1449 2399 H.
1496 2359 1576 2399 ex
1620 2334 1867 2399 emend.
1906 2333 2124 2399 Lach-

174 2420 396 2485 manni
454 2420 533 2483 ad
576 2420 773 2486 Luor.
813 2420 894 2485 V.
941 2422 1098 2495 312,
1168 2422 1279 2505 qui
1326 2421 1452 2485 hoe
1496 2442 1755 2504 quoque
1798 2420 1977 2498 loco,
2041 2419 2126 2483 ad

175 2528 371 2589 quem
415 2508 792 2589 interpretes
830 2505 1088 2571 Horatii
1131 2528 1482 2592 provocare
1528 2506 1752 2581 solent,
1797 2509 1913 2571 sibi
1956 2530 2126 2570 cum-

223 2615 298 2656 ue
314 2591 590 2655 delevit:
623 2615 773 2656 nam
793 2598 1071 2677 ‘cumque
1087 2594 1210 2655 nisi
1236 2615 1382 2657 oum
1406 2592 1689 2655 relativis
1714 2590 2125 2655 coniunctum

209 2679 405 2762 ingua
447 2676 647 2740 latina
689 2700 816 2741 non
861 2678 1189 2761 agnoscir!
1239 2686 1473 2752 (totum
1516 2676 1687 2740 hune
1733 2676 1935 2740 Luor.
1979 2698 2125 2739 ver-

183 2785 325 2825 sum
389 2761 573 2827 eiecit
630 2763 942 2846 Bernays.
1011 2765 1091 2827 cf.
1149 2763 1350 2848 praef.
1395 2782 1460 2844 p.
1490 2766 1637 2838 vn.)
1702 2796 1786 2809 --
1844 2758 2123 2824 CARM.

182 2847 520 2913 XXXIV.
568 2848 649 2911 de
679 2847 800 2912 hoe
833 2849 1116 2912 carmine
1147 2849 1333 2931 quasi
1357 2848 1745 2931 Lessingius
1790 2868 2123 2930 nunquam

191 2935 542 3020 scripsisset
574 2935 686 3015 (ef.
710 2936 1053 3019 Rettunyen
1085 2936 1187 2998 des
1215 2934 1433 2998 Horaz
1473 2933 1534 2995 in
1567 2932 1709 3013 fin.)
1737 2934 2123 2997 recentiores

188 3039 312 3083 non
351 3020 510 3083 nulli
555 3020 645 3083 ita
688 3019 1119 3104 disputarunt,
1176 3033 1247 3081 ut
1292 3041 1413 3103 pro
1455 3040 1575 3081 sua
1618 3017 1696 3081 de
1738 3017 1975 3081 nostris
2020 3040 2125 3080 re-

190 3100 308 3167 bus
351 3104 667 3169 sentiendi
695 3108 942 3171 ratione
979 3104 1259 3170 Horatio
1305 3122 1418 3168 aut
1460 3100 1699 3189 probra
1741 3116 1853 3165 aut
1896 3101 2122 3171 laudes

191 3187 338 3254 inde
397 3204 698 3275 pararent
761 3190 1026 3254 nimiam
1085 3190 1345 3271 utrique
1391 3190 1457 3252 in
1502 3186 1911 3251 breviusculo
1971 3188 2123 3251 lusu

195 3275 566 3363 gravitatem
590 3287 1016 3361 quaerentes:
1066 3297 1192 3357 qua
1222 3276 1288 3338 in
1322 3296 1391 3338 re
1422 3284 1890 3337 consenserunt
1920 3292 2123 3353 quan—

197 3382 380 3444 quam
423 3373 637 3426 cetera
667 3362 943 3426 multum
989 3360 1339 3425 dissimiles
1357 3357 1818 3437 WASchmidt
1844 3354 2121 3436 (Gesch.

199 3448 254 3510 d.
293 3446 522 3513 Denk-
567 3470 631 3511 u.
661 3445 1271 3520 Glaubensfreiheit‚
1318 3438 1529 3508 Berol.
1566 3444 1744 3508 1847.
1768 3466 1831 3527 p.
1858 3443 2015 3523 298)
2058 3446 2127 3509 eit

201 3531 468 3663 Rigoiaga‘s
504 3534 624 3599 123
646 3557 664 3609 ;
711 3534 908 3615 praef.
956 3553 1019 3615 p.
1043 3549 1168 3595 xlv
1199 3530 1224 3613 ΙΙ
1258 3532 1315 3593 6.
1353 3532 1389 3593 7
1436 3526 1725 3603 dividens,
1764 3528 2125 3614 plerumque

1667 3630 1711 3675 Β
