2459 3959
902 263 1052 321 LIB.
1097 264 1146 320 I.
1204 271 1445 320 12—-15

372 414 560 471 felices
604 422 692 471 ter
735 424 794 472 et
835 417 1086 490 amplius,

450 519 588 573 quos
631 501 854 574 inrupta
897 510 1052 557 tenet
1095 504 1295 576 copula
1336 522 1439 561 nee
1482 504 1647 559 malis

368 586 612 640 divolsus
659 588 1011 658 querimoniis

229 673 314 725 20
451 689 708 744 suprema
751 672 910 727 citius
954 674 1132 729 solvet
1174 691 1327 729 amor
1371 674 1485 731 die.

1141 928 1286 985 XIV

363 1065 416 1121 O
464 1065 640 1135 navis,
685 1066 930 1121 referent
971 1066 1030 1121 in
1073 1085 1223 1122 mare
1268 1074 1323 1123 te
1368 1068 1499 1123 novi

357 1152 579 1206 fluetus·
626 1170 658 1205 o
705 1151 840 1223 quid
883 1152 1045 1225 agis?
1089 1152 1309 1207 fortiter
1352 1169 1562 1227 occupa

455 1244 694 1308 portum.
741 1254 925 1291 nonne
970 1238 1125 1293 vides
1169 1247 1232 1293 ut

552 1323 759 1376 nudum
804 1322 1034 1395 remigio
1078 1323 1241 1391 latus,

283 1456 318 1503 t>
369 1456 430 1503 et
469 1450 644 1504 malus
687 1450 853 1505 celeri
896 1451 1114 1507 saucius
1157 1452 1349 1507 Africo

364 1542 747 1608 antennaeque
789 1545 1032 1609 gemunt,
1079 1556 1142 1593 ao
1184 1538 1306 1593 sine
1349 1536 1572 1593 funibus

451 1620 548 1675 vix
590 1623 786 1676 durare
831 1622 1047 1677 carinae

534 1714 767 1778 possunt
808 1706 1153 1779 imperiosius

367 1835 618 1907 aequor?
667 1854 778 1889 non
821 1834 924 1890 tibi
969 1843 1098 1891 sunt
1139 1835 1360 1909 integ-ra
1402 1836 1591 1904 lintea,

237 1924 318 1977 10
364 1938 477 1976 non
524 1920 582 1974 di
625 1938 764 1992 quos
808 1921 1008 1975 iterum
1050 1938 1243 1993 pressa
1285 1940 1448 1977 voces
1492 1922 1651 1977 ma10.

449 2006 698 2077 quamvis
740 2006 973 2063 Pontica
1013 2006 1199 2077 pinus,

534 2090 703 2146 silvae
746 2092 862 2145 filia
903 2090 1124 2160 nobilia,

361 2220 531 2276 iactes
575 2229 632 2277 et
675 2239 848 2294 genus
892 2229 950 2276 et
991 2238 1193 2276 nomen
1235 2220 1465 2276 inutilez

363 2304 445 2359 nil
487 2306 646 2378 pictis
689 2307 914 2362 timidus
959 2306 1148 2361 navita
1188 2307 1464 2379 puppibus

235 2397 312 2446 15
446 2391 587 2446 fidit.
631 2400 694 2446 tu
737 2392 845 2447 nisi
889 2391 1068 2447 ventis

532 2478 703 2533 debes
746 2478 1066 2547 ludibrium,
1112 2496 1262 2533 cave.

251 2634 262 2647 ·
358 2622 535 2678 nuper
579 2605 874 2661 sollicitum
917 2624 1062 2678 quae
1105 2606 1241 2661 mihi
1283 2606 1548 2674 taedium,

357 2708 506 2745 nunc
547 2691 881 2745 desiderium
926 2708 1166 2764 curaque
1210 2711 1323 2749 non
1366 2693 1525 2761 levis,

381 2766 386 2770 ⁹
444 2776 710 2844 interfusa
752 2776 978 2831 nitentis

231 2867 309 2917 20
525 2862 664 2917 vites
710 2880 953 2934 aequora
996 2860 1287 2934 Cycladas.

1149 3122 1267 3179 XV

348 3252 548 3307 Pastor
589 3268 714 3306 oum
755 3254 1000 3309 traheret
1040 3274 1141 3328 per
1182 3257 1325 3312 freta
1367 3250 1597 3314 na'vibus

351 3336 533 3392 Idaeis
577 3338 832 3393 Helenen
875 3342 1116 3412 perfidus
1159 3342 1458 3416 hospitam,
1494 3350 1500 3358 '

352 3421 567 3497 ingrato
614 3424 807 3479 celeris
853 3426 1038 3480 obruit
1080 3422 1193 3483 oti‘o

474 3516 670 3566 ventos
713 3517 778 3565 ut
821 3521 1043 3567 caneret
1084 3513 1198 3569 fera

2097 266 2196 327 ‘15
