2459 3959
2002 295 2171 343 Lx11

227 434 310 495 62
341 431 370 512 H
401 434 530 497 292
573 430 920 517 reprendite
963 429 1125 494 HM.
1172 429 1589 516 reprehendite
1628 449 1717 513 vg
1768 428 1793 509 ΙΙ
1848 431 1973 498 294
2008 456 2159 520 per-

219 519 452 599 fectum
495 526 646 580 ante
691 512 846 599 er.
877 516 906 596 11
937 518 1061 583 300
1093 516 1291 580 tribus
1318 515 1673 599 Anticyris.-
1718 515 1802 580 of.
1834 514 1925 579 M.
1958 520 2156 601 praef.

223 620 372 666 xxx
401 604 431 685 ΙΙ
461 602 582 667 301
633 600 716 665 of.
762 600 984 666 Madv.
1033 621 1260 682 opusc.
1304 598 1397 665 ΙΙ.
1428 602 1551 665 204
1584 602 1608 682 ss
1640 602 1767 665 318
1813 625 1985 667 veras
2018 604 2159 669 hinc

224 699 378 751 ante
424 685 579 772 er.
633 686 658 766 ΙΙ
711 688 836 751 325
883 708 978 771 sq.
1024 687 1106 751 cf.
1153 683 1397 749 Bernh.
1445 684 1593 746 hist.
1636 683 1759 749 litt.
1806 709 1963 751 rom.
2008 689 2156 753 adn.

224 776 308 838 27
341 774 366 856 ΙΙ
399 774 526 838 337
573 776 824 836 ‘versus
870 776 1224 856 suspectus’
1270 771 1330 834 B
1360 770 1389 853 u
1420 772 1547 835 339
1588 792 1697 834 neo
1738 774 2157 859 quodcunque,

219 860 348 923 342
393 858 730 934 Rhamnes,
777 857 902 925 355
949 870 1003 922 et
1048 857 1429 921 citharoedus
1473 866 1617 919 ante
1648 853 1765 937 ΒΗ
1798 860 1921 926 357
1963 858 2152 925 Choe-

214 944 374 1009 rilos
419 941 476 1006 B
510 943 534 1025 ΙΙ
563 944 694 1007 358
739 954 944 1028 terque
987 955 1134 1006 ante
1181 940 1237 1003 B
1284 955 1349 1005 et
1392 961 1601 1025 nuper
1645 938 1819 1006 Wex
1863 943 1948 1006 ad
1993 944 2149 1009 Tac.

215 1028 384 1114 Agr.
430 1050 496 1113 p.
520 1030 597 1093 31
635 1028 662 1111 ss
693 1029 818 1094 360
865 1050 1040 1115 opere
1082 1030 1150 1090 in
1195 1028 1374 1112 lonyo
1420 1040 1566 1089 ante
1598 1022 1751 1111 er.
1782 1041 1845 1092 et
1876 1028 1932 1091 Β
1966 1029 1989 1109 ΙΙ
2023 1034 2145 1095 361

215 1128 289 1178 ut
331 1115 600 1199 pictur-Q
643 1114 846 1198 poesis
886 1115 1000 1179 erit
1043 1134 1204 1199 quae
1246 1127 1366 1179 eto.
1410 1111 1505 1180 Μ.
1538 1112 1721 1193 {1374
1753 1114 2153 1199 symphonia.-

219 1201 304 1263 οἱ.
351 1197 626 1263 Lachm.
672 1198 754 1261 ad
798 1196 878 1261 L.
922 1221 987 1284 p.
1036 1200 1179 1262 406.
1225 1200 1353 1265 408
1402 1200 1427 1280 ΙΙ
1475 1199 1597 1262 387
1645 1198 1810 1264 Meci
1848 1198 1952 1264 vel
1996 1201 2157 1265 Meti

213 1296 366 1348 ante
414 1284 468 1347 B
518 1286 547 1366 ΙΙ
600 1286 726 1351 394
770 1287 932 1349 arcis
992 1282 1146 1366 er.
1204 1283 1357 1347 BH.
1417 1284 1590 1348 urbis
1650 1306 1754 1369 vg.
1821 1286 1905 1349 cf.
1975 1282 2048 1351 C.
2094 1285 2148 1350 I.

211 1374 274 1432 7.
325 1377 362 1435 5
395 1370 425 1452 ΙΙ
453 1372 578 1436 407
627 1370 771 1455 lyra
811 1366 1108 1435 JCJuhn.
1153 1368 1324 1434 HM.
1388 1369 1565 1452 lyrae
1606 1367 1753 1432 libri
1786 1369 1811 1450 ΙΙ
1842 1372 1969 1436 410
2010 1396 2149 1458 pro-

207 1458 314 1533 sit,
361 1456 490 1521 416
534 1480 698 1522 nuno
741 1457 888 1519 sati-3
932 1470 1080 1519 ante
1124 1453 1183 1517 B
1237 1456 1261 1538 ΙΙ
1317 1456 1441 1521 423
1489 1457 1641 1517 artis
1707 1454 1933 1519 BHM.
1996 1461 2151 1522 atris

209 1539 371 1623 er.
417 1539 548 1626 Ply
575 1540 603 1624 ΙΙ
633 1543 757 1606 435
807 1542 1096 1616 laborent,
1145 1541 1271 1605 438
1328 1538 1682 1618 Quinctilio,
1732 1540 1855 1607 450
1904 1566 2010 1609 nec
2052 1544 2149 1607 di-

205 1638 300 1690 cet
343 1635 490 1690 ante
539 1626 594 1689 B
647 1628 672 1708 ΙΙ
727 1628 846 1691 451
899 1626 1041 1691 haec
1084 1625 1211 1710 Ply
1257 1623 1287 1706 ΙΙ
1336 1627 1459 1691 461
1510 1628 1566 1689 εἰ
1607 1628 1744 1710 quis
1788 1640 1972 1701 curet,
2022 1629 2144 1693 462

127 1734 134 1741 ·
207 1713 490 1777 deiecerit
534 1724 682 1777 ante
726 1712 782 1775 B
827 1711 855 1794 ss
899 1714 1024 1776 467
1061 1712 1453 1796 spondiacus
1498 1733 1667 1774 unus
1709 1712 1777 1774 in
1823 1713 2033 1779 satiris
2081 1724 2145 1776 et

207 1797 514 1879 epistulis
577 1797 907 1877 (Doederl.
965 1798 1168 1881 praef.
1225 1820 1283 1882 p.
1330 1802 1627 1872 xxxvn).
1681 1797 1747 1860 in
1795 1796 2015 1880 lyricis
2058 1799 2143 1863 cf.

211 1882 293 1949 C.
338 1882 394 1947 I.
439 1886 542 1950 28.
590 1888 691 1949 21.
735 1881 814 1947 Ε.
863 1886 963 1948 13.
1012 1887 1084 1959 9;
1134 1887 1237 1949 16.
1289 1887 1391 1949 17.
1443 1885 1543 1949 29.

990 2256 1391 2268 ——nn—-n-——n-——Q

288 3529 491 3570 Horatius
933 3543 942 3551 ·
1300 3570 1303 3575 ,
1704 3518 1754 3565 D
