2459 3959
291 274 373 333 16

335 439 364 487 5

292 906 366 957 10

291 1378 362 1426 15

285 1848 359 1895 20

286 2361 357 2409 25

1049 279 1471 335 CARMINVM

414 432 632 489 Nereus
675 434 819 487 fata:
867 430 1027 488 ‘mala
1071 434 1224 489 ducis
1270 433 1361 488 avi
1404 435 1645 504 domum,

417 537 581 591 quam
623 520 796 573 multo
837 528 1054 591 repetet
1095 519 1333 574 Graecia
1372 519 1563 588 milite,

420 605 704 659 coniurata
746 612 869 660 tuas
913 622 1166 677 rumpere
1211 604 1433 676 nuptias

541 698 597 745 et
638 708 872 762 regnum
915 690 1122 745 Priami
1165 699 1345 745 vet-us.

413 818 555 872 eheu
599 824 837 889 quantus
883 818 1062 890 equis,
1108 826 1346 890 quantus
1392 820 1549 872 adest
1591 819 1725 873 viris

414 904 608 957 sudor!
659 910 866 974 quanta
907 922 1093 957 moves
1137 904 1333 957 funera
1373 904 1666 959 Dardanae

411 987 589 1060 genti!
635 987 745 1040 iam
788 990 998 1059 galeam
1041 988 1223 1042 Pallas
1271 997 1325 1043 et
1370 990 1565 1061 aegida

539 1090 836 1144 currusque
881 1081 938 1127 et
978 1074 1188 1127 rabiem
1231 1082 1406 1145 parat.

409 1200 744 1272 nequiquam
778 1200 1014 1255 Veneris
1055 1200 1335 1272 praesidio
1379 1202 1538 1255 ferox

409 1295 598 1357 pectes
643 1286 939 1339 caesariem
985 1295 1252 1358 grataque
1297 1286 1512 1341 feminis

411 1362 602 1425 inbelli
648 1372 857 1425 cithara
900 1372 1139 1425 carmina
1182 1371 1430 1438 divide33

538 1456 873 1528 nequiquam
916 1458 1154 1511 thalamo
1198 1456 1381 1528 gravis

406 1587 592 1640 hastas
638 1593 694 1639 et
739 1585 932 1639 calami
975 1586 1186 1657 spicula
1234 1586 1450 1640 Cnossii

406 1671 623 1738 vitabis,
669 1672 1070 1742 strepitumque
1114 1680 1170 1724 et
1213 1672 1451 1725 celerem
1496 1671 1651 1745 sequi

407 1756 660 1810 Aiacem:
705 1764 888 1810 tamen
932 1758 1040 1810 heu
1087 1774 1243 1809 serus
1290 1758 1569 1811 adulteros

541 1842 704 1896 crinis
751 1841 980 1912 pulvere
1023 1841 1289 1896 conlines.

411 1988 522 2023 non
565 1970 913 2035 Laertiaden,
961 1967 1190 2023 exitium
1236 1976 1363 2024 tuae

415 2056 588 2125 gent-i,
633 2075 743 2111 non
788 2056 1006 2126 Pylium
1048 2053 1291 2108 Nestora
1332 2055 1607 2129 respicis?

409 2149 647 2213 urguent
689 2140 933 2213 inpavidi
976 2148 1034 2193 te
1081 2140 1411 2194 Salaminius

536 2228 766 2294 Teucer,
812 2235 868 2281 te
913 2226 1207 2280 Sthenelus
1252 2226 1429 2281 sciens

406 2374 641 2427 pugnae,
688 2355 802 2409 sive
849 2373 984 2426 opus
1031 2364 1116 2409 est
1158 2354 1473 2426 imperitare
1518 2356 1689 2428 equiS,

408 2458 519 2493 non
563 2441 756 2512 auriga
798 2440 976 2512 piger.
1022 2440 1313 2495 Merionen
1359 2460 1579 2513 quoque

406 2544 617 2580 nosces.
665 2544 790 2581 eece
833 2526 968 2580 furit
1009 2533 1066 2578 te
1110 2526 1355 2596 reperire
1398 2534 1556 2581 atrox

535 2611 778 2683 Tydides
823 2611 1017 2667 melior
1059 2620 1234 2681 patre,

407 2760 572 2815 quem
615 2750 696 2809 tu,
743 2758 934 2795 cervus
978 2739 1060 2793 uti
1103 2739 1263 2794 vallis
1307 2739 1365 2794 in
1410 2741 1584 2796 altera

283 2834 356 2883 30
403 2828 579 2881 visum
621 2835 779 2899 parte
824 2827 1014 2896 lupum
1057 2826 1319 2896 graminis
1357 2826 1657 2909 inmemor„

407 2912 625 2967 sublimi
667 2912 844 2983 fugies
889 2911 1068 2964 mollis
1115 2912 1378 2981 anhelitu,

530 3017 638 3051 non
683 2998 787 3056 hoc
829 2994 1105 3068 pollicitus
1147 3004 1295 3051 tuae.

403 3126 692 3195 [iracunda
734 3124 880 3179 diem
922 3124 1166 3194 proferet
1206 3125 1314 3179 Ilio

309 3236 312 3241 ·
401 3211 774 3282 matronisque
819 3211 1098 3279 Phrygum
1143 3210 1329 3264 classis
1374 3210 1647 3279 Achillei;

277 3304 348 3353 35

398 3306 527 3370 post
571 3305 747 3351 certas
793 3296 997 3349 hiemes
1053 3304 1177 3349 uret
1221 3295 1494 3349 Achaicus

524 3382 668 3455 ignis
713 3382 906 3436 Iliacas
962 3379 1218 3447 domos.’]
