2459 3959
311 265 438 328 1OE
1069 269 1429 327 CARMINV
1428 272 1493 328 M

429 432 490 481 te
533 442 645 480 non
687 431 955 497 paventes
997 424 1192 478 funera
1240 424 1461 481 Galliae

311 515 388 568 50
437 511 721 583 duraeque
763 510 926 566 tellus
971 510 1124 564 audit
1165 510 1464 579 Hiberiae,

517 604 574 651 te
619 597 786 650 caede
829 596 1130 667 gaudentes
1177 596 1478 668 Sygambri

607 679 909 752 conpositi·
953 690 1292 736 venerantur
1342 682 1529 738 armis.

1213 963 1332 1018 XV

431 1110 689 1166 Phoebun
729 1109 1008 1164 volentem
1047 1108 1267 1180 proelia
1310 1126 1401 1164 me
1447 1108 1601 1180 loqui

425 1194 599 1251 victae
644 1203 702 1250 et
743 1193 894 1250 urbis
939 1194 1210 1266 increpuit
1257 1194 1395 1264 lyra,

514 1299 585 1336 ne
625 1296 796 1352 parva
839 1280 1187 1350 Tyrrhenum
1236 1297 1338 1350 per
1382 1296 1591 1350 aequor

593 1364 718 1420 vela
761 1367 970 1420 darem.
1017 1373 1130 1432 tua,
1179 1364 1410 1434 Caesar,
1457 1374 1608 1420 aetas

344 1543 376 1594 ὅ
423 1539 612 1610 fruges
657 1544 714 1592 et
756 1536 902 1608 agris
946 1536 1165 1591 rettulit
1215 1537 1437 1604 uberet,

431 1631 488 1678 et
531 1623 688 1694 signa
728 1631 920 1676 nostro
965 1621 1212 1676 restituit
1259 1622 1382 1676 Iovi

511 1709 743 1778 derepta
784 1706 1115 1761 Parthorum
1161 1707 1417 1778 superbis

596 1790 868 1865 postibuS,
914 1801 972 1847 et
1014 1809 1247 1847 vacuum
1296 1792 1498 1848 duellia

420 1967 619 2023 Ianum
664 1963 887 2030 Quirini
931 1963 1129 2019 clausit
1172 1973 1230 2019 et
1273 1963 1527 2018 ordinem

307 2067 328 2108 ι
342 2055 378 2108 0
421 2057 635 2109 rectum
679 2049 944 2121 evaganti
987 2050 1144 2104 frena
1185 2049 1453 2106 licentiae

507 2134 717 2203 iniecit,
763 2135 1076 2207 emovitque
1119 2135 1312 2206 culpae

606 2228 663 2276 et
704 2227 920 2276 veteres
962 2220 1251 2276 revocavit
1292 2219 1467 2288 artis,-

419 2409 523 2466 per
565 2411 700 2464 quas
744 2392 1005 2448 Latinum
1048 2410 1251 2447 nomen
1294 2399 1353 2446 et
1392 2391 1568 2446 Italae

425 2495 650 2534 crevere
694 2477 860 2546 vires,
904 2479 1159 2548 famaque
1203 2484 1262 2532 et
1304 2476 1503 2549 imperi

303 2567 376 2619 15
506 2573 764 2636 porrecta
805 2563 1061 2618 maiestas
1106 2565 1178 2616 ad
1221 2568 1405 2616 ortum

591 2649 722 2704 solis
767 2650 836 2704 ab
880 2647 1154 2720 Hesperio
1201 2646 1392 2702 cubili.

425 2821 651 2875 custode
693 2837 880 2874 rerum
925 2818 1160 2874 Caesare
1204 2837 1318 2873 non
1360 2818 1514 2873 furor

425 2905 602 2961 civilis
646 2915 740 2960 aut
784 2903 867 2959 vis
912 2904 1101 2976 exiget
1144 2904 1337 2972 otium,

509 3009 620 3047 non
661 2988 762 3058 ira,
808 3007 950 3062 quae
994 2990 1253 3063 procudit
1295 2989 1443 3044 ensis

299 3079 376 3136 20
595 3085 652 3132 et
693 3075 922 3131 miserae
965 3074 1218 3130 inimicat
1263 3074 1438 3131 urbis·

420 3267 532 3306 non
576 3246 672 3320 qui
715 3247 1048 3318 profundum
1089 3246 1413 3303 Danubium
1457 3245 1659 3301 bibunt

424 3334 610 3392 edicta
650 3340 910 3404 rumpent
952 3331 1115 3401 Iulia,
1161 3351 1275 3388 non
1323 3332 1522 3400 Getae,

512 3437 624 3475 non
670 3419 834 3472 Seres
881 3416 1108 3473 infidive
1151 3419 1377 3485 Persae,

592 3521 702 3558 non
747 3503 964 3558 Tanain
1006 3521 1183 3578 prope
1225 3505 1435 3560 flumen
1478 3501 1607 3558 orti.
