2459 3959
325 298 370 357 8
1081 306 1381 363 CARMIN
1382 308 1499 365 VM

1274 462 1331 517 V

457 582 593 649 Quis
637 584 809 637 multa
852 582 1073 654 gracilis
1118 592 1175 638 te
1217 602 1358 657 puer
1400 586 1459 639 in
1502 604 1627 641 rosa

454 666 706 741 perfusus
751 668 973 741 liquidis
1018 678 1217 741 urguet
1262 671 1519 725 odoribus
1554 691 1579 747 3

537 762 714 826 grato,
760 754 986 824 Pyrrha,
1034 757 1135 809 sub
1182 756 1379 810 antro?

620 842 708 895 cui
750 843 946 895 flavam
988 841 1188 913 religas
1236 859 1461 909 comam,

365 956 396 1005 ὃ
447 949 680 1024 simplex
723 950 1042 1006 munditiis?
1085 952 1193 1006 heu
1240 951 1492 1024 quotiens
1537 952 1701 1009 fidem

447 1038 974 1109 mutatosque‘deos
1016 1037 1174 1091 flebit
1217 1048 1275 1092 et
1318 1056 1510 1109 aspera

531 1123 704 1194 nigris
749 1141 990 1195 aequora
1032 1123 1211 1177 ventis

618 1208 936 1263 emirabitur
979 1208 1241 1277 insolens,

445 1318 536 1391 qui
583 1337 728 1373 nunc
771 1327 827 1374 te
871 1318 1072 1373 fruitur
1116 1318 1371 1374 credulus
1417 1338 1598 1387 aurea,

333 1408 406 1461 10
454 1406 548 1478 qui
593 1423 809 1476 semper
851 1422 1094 1471 vacuam,
1141 1424 1357 1478 semper
1402 1406 1690 1461 amabilem

529 1500 734 1563 sperat,
781 1491 996 1545 nescius
1043 1509 1206 1545 aurae

614 1576 844 1630 fallacis.
890 1575 1092 1643 miseri,
1140 1577 1338 1648 quibus

442 1688 766 1759 intemptata
808 1686 969 1741 nites·
1015 1706 1102 1742 me
1147 1687 1335 1741 tabula
1380 1705 1531 1743 sacer

442 1773 629 1826 votiva
670 1773 849 1844 paries
893 1773 1101 1827 indicat
1144 1773 1310 1827 uvida

325 1866 396 1913 15
532 1859 877 1931 suspendisse
921 1858 1134 1929 potenti

611 1945 938 1999 vestimenta
981 1944 1144 1997 maris
1191 1945 1310 1997 dec.

1238 2169 1324 2223 v1

442 2308 708 2363 Scriberis
735 2307 908 2363 Vario
953 2308 1108 2362 fortis
1155 2316 1210 2361 et
1255 2309 1491 2363 bostium

441 2394 618 2449 victor
659 2393 901 2448 Maeonii
947 2393 1198 2451 carminis
1244 2395 1396 2462 alite,

451 2497 616 2551 quam
657 2498 776 2534 rem
820 2497 1034 2551 cunque
1077 2481 1237 2533 ferox
1278 2479 1509 2533 navibus
1554 2487 1648 2533 aut
1691 2479 1843 2552 equis

527 2564 683 2619 miles
729 2574 785 2619 te
829 2566 967 2619 duce
1012 2564 1265 2636 gesserit.

363 2700 392 2749 5
443 2712 567 2763 nos,
612 2693 880 2767 Agrippa,
926 2712 1107 2766 neque
1145 2695 1285 2748 haec
1321 2693 1503 2747 dicere
1547 2710 1649 2747 nec
1686 2710 1909 2767 gravem

435 2780 662 2835 Pelidae
707 2780 1046 2834 stomachum
1090 2781 1285 2834 cedere
1330 2779 1518 2845 nescii,

432 2883 535 2920 nec
578 2883 768 2920 cursus
815 2864 1049 2937 duplicis
1093 2884 1193 2936 per
1236 2880 1385 2919 mare
1432 2864 1615 2920 Vlixei

518 2968 623 3005 nec
668 2968 886 3005 saevam
929 2950 1152 3023 Pelopis
1198 2952 1418 3005 domum

437 3096 698 3134 conamur
739 3088 934 3135 tenues
979 3078 1229 3152 grandia,
1277 3082 1405 3134 dum
1446 3082 1626 3153 pudor

314 3170 387 3218 10
436 3163 764 3237 inbellisque
807 3167 959 3237 lyrae
1001 3168 1168 3221 Musa
1207 3175 1406 3237 potens
1450 3174 1601 3223 vetat

432 3250 608 3305 laudis
653 3252 863 3323 egregii
907 3251 1152 3305 Caesaris
1199 3261 1255 3305 et
1295 3262 1417 3353 tuas

523 3336 684 3408 culpa
728 3338 977 3392 deterere
1021 3337 1225 3409 ingeni.

438 3463 586 3535 [quis
629 3467 865 3523 Martem
912 3467 1098 3523 tunica
1139 3474 1346 3521 tectum
1393 3466 1741 3523 adamantina

431 3550 596 3623 digne
640 3554 942 3627 scripserit,
990 3562 1083 3609 aut
1127 3554 1353 3626 pulvere
1398 3553 1599 3608 Troico
