2459 3959
878 315 1024 370 LIB.
1059 315 1162 371 IV.
1215 323 1462 372 13—14
2026 307 2149 370 1⁰7

271 463 277 468 ’
326 471 661 542 spectandus
705 471 766 526 in
811 469 1108 525 certamine
1151 469 1359 524 Martio

325 557 530 611 devota
573 557 736 611 morti
782 564 1010 629 pectora
1054 555 1262 610 liberae

411 642 634 714 quantis
681 643 940 715 fatigaret
986 639 1183 709 ruinis,

173 732 274 783 20
497 727 793 782 indomitas
839 744 1013 799 prope
1060 725 1241 798 qualis
1287 727 1461 780 undas

327 880 557 926 exercet
600 881 804 940 auster,
851 873 1139 928 Pleiadum
1186 874 1357 927 choro

321 956 611 1012 scindente
656 959 854 1026 nubes,
898 957 1122 1030 inpiger
1164 958 1409 1012 hostium

409 1060 614 1098 vexare
659 1051 867 1098 turmas
913 1051 970 1097 et
1012 1044 1337 1097 frementem

493 1127 716 1183 mittere
759 1145 961 1200 equum
1006 1128 1217 1183 medios
1262 1145 1367 1200 per
1407 1127 1574 1201 ignis.

185 1281 270 1332 25
325 1273 437 1343 [sic
479 1272 816 1328 tauriformis
859 1273 1104 1328 volvitur
1148 1274 1411 1340 Aufidus,

326 1357 426 1434 qui
467 1377 640 1430 regna
680 1358 870 1415 Dauni
913 1359 1172 1431 praefluit
1216 1360 1448 1432 Appuli,

415 1462 538 1499 cum
581 1445 760 1500 saevit
804 1445 1251 1516 horrendamque
1296 1445 1461 1501 cultis

498 1529 763 1585 diluviem
810 1529 1107 1585 meditatur
1149 1530 1317 1602 agris,

324 1671 414 1741 ut]
460 1675 538 1728 sic
578 1675 934 1728 barbarorum
981 1672 1247 1730 Claudius
1293 1676 1515 1748 agmina

190 1766 272 1818 80
321 1761 528 1816 ferrata
569 1768 726 1814 vasto
771 1760 940 1815 diruit
983 1761 1213 1833 impetu,

409 1843 727 1918 primosque
773 1853 830 1900 et
873 1855 1150 1901 extremos
1196 1847 1458 1901 metendo

493 1930 692 1985 stravit
734 1931 978 2000 humum,
1023 1931 1142 1986 sine
1185 1933 1342 1986 clade
1385 1931 1585 1999 victor,

319 2085 379 2134 te
423 2077 631 2150 copias,
678 2085 735 2132 te
778 2077 1068 2132 consilium
1113 2084 1172 2132 et
1213 2085 1345 2132 tuos

322 2164 628 2236 praebente
675 2162 852 2220 divos.
897 2181 1024 2217 nam
1069 2162 1171 2217 tibi
1218 2181 1330 2234 quo
1374 2161 1465 2218 die

201 2254 276 2306 35
412 2255 606 2320 portus
652 2248 1010 2304 Alexandrea
1054 2249 1295 2320 supplex

491 2342 549 2390 et
590 2351 819 2389 vacuam
865 2332 1128 2407 patefecit
1171 2333 1373 2401 aulam,

319 2479 542 2534 fortuna
582 2480 756 2534 lustro
801 2498 1068 2552 prospera
1110 2478 1279 2534 tertio

322 2564 458 2620 belli
502 2567 776 2620 secundos
821 2563 1069 2620 reddidit
1112 2565 1318 2632 exitus,

408 2650 742 2722 laudemque
786 2659 846 2705 et
887 2658 1141 2722 optatum
1182 2647 1425 2723 peractis

195 2742 272 2794 40
488 2735 736 2808 imperiis
785 2738 953 2791 decus
999 2735 1305 2808 adrogavit.

320 2889 378 2936 te
424 2880 699 2938 Cantaber
741 2900 853 2938 non
897 2891 1027 2937 ante
1071 2881 1365 2937 domabilis

315 2966 629 3040 Medusque
675 2974 734 3023 et
773 2968 969 3036 Indus,
1013 2976 1070 3022 te
1114 2967 1382 3041 profugus
1428 2967 1662 3039 Scythes

403 3052 652 3122 miratur,
697 3071 746 3130 o·
772 3054 952 3109 tutela
993 3071 1256 3126 praesens

489 3137 688 3194 Italiae
733 3137 1100 3210 dominaeque
1143 3139 1374 3193 Romae.

201 3289 274 3340 45
318 3291 374 3340 te
418 3283 651 3340 fontium
693 3283 792 3358 qui
836 3285 979 3340 celat
1023 3283 1266 3359 origines

313 3369 590 3444 Nilusque
635 3379 694 3426 et
736 3371 899 3437 Ister,
943 3379 1002 3425 te
1042 3371 1269 3443 rapidus
1314 3369 1520 3444 Tigris3

401 3463 459 3512 te
505 3455 764 3512 beluosus
807 3455 904 3529 qui
945 3455 1172 3512 remotis

489 3541 762 3615 obstrepit
805 3541 1064 3598 Oceanus
1107 3539 1413 3612 Britannis,
