2459 3959
198 733 279 781 30

206 1160 285 1208 35

201 1584 285 1635 40

208 2015 287 2062 45

210 2442 289 2490 50

212 2864 290 2913 55

214 3287 291 3340 60

900 312 1133 367 LIBER.
1184 312 1236 367 Ι.
1294 320 1450 365 1———2
2019 307 2148 369 205

336 486 439 523 nos
484 483 743 521 numerus
788 462 977 519 sumus
1022 472 1079 518 et
1120 467 1308 536 fruges
1353 484 1676 521 consumere
1703 454 1852 537 nati,

333 554 522 626 sponsi
566 552 907 623 Penelopae,
956 551 1290 616 nebulones‚.
1330 552 1666 624 Alcinoique

342 641 401 694 in
448 646 573 693 cute
619 638 863 691 curanda
906 636 1029 707 plus
1076 654 1255 708 aequo
1300 646 1529 709 operata
1571 638 1852 706 iuventus,
1902 675 1910 681 -

340 724 430 779 cui
472 724 764 796 pulchrum
806 720 913 775 fuit
955 720 1014 774 in
1057 722 1272 776 medios
1317 724 1556 779 dormire
1601 723 1720 777 dies
1765 732 1822 777 et

334 813 406 866 ad
452 808 745 879 strepitum
788 806 1033 861 citharae
1078 816 1389 863 cessantem
1433 812 1634 864 ducere
1679 827 1950 864 somnum.

336 904 401 949 ut
442 895 700 966 iugulent
744 892 1043 963 homin-em,
1090 902 1324 965 surgunt
1369 896 1438 949 de
1481 902 1644 949 nocte
1689 893 1954 950 latrones:

334 990 401 1035 ut
441 990 499 1035 te
545 980 725 1051 ipsum
772 996 977 1044 serves,
1021 996 1133 1031 non
1178 980 1624 1051 expergisceris?
1669 981 1824 1051 atqui

334 1066 385 1121 si
427 1065 583 1121 noles
629 1082 813 1130 sanus,
860 1081 1047 1117 curres
1090 1064 1464 1135 hydropicus3
1511 1073 1569 1119 et
1613 1066 1670 1120 ni

336 1169 534 1223 posces
580 1158 711 1203 ante
758 1148 904 1203 diem
948 1148 1150 1201 librum
1196 1168 1321 1203 cum
1365 1150 1595 1217 lumine,
1646 1150 1693 1205 si
1737 1169 1851 1205 non

333 1238 591 1291 intendes
635 1234 875 1288 animum
920 1234 1121 1287 studiis
1167 1243 1221 1288 et
1267 1236 1433 1289 rebus
1480 1236 1744 1303 honesti-51,

333 1321 543 1376 invidia
587 1320 679 1374 vel
724 1337 909 1373 amore
952 1318 1089 1391 vigil
1134 1321 1488 1391 torquebere.
1533 1339 1660 1374 nam
1707 1340 1805 1376 cur

334 1425 477 1478 quae
521 1406 753 1460 laedunt
798 1405 1019 1459 oculum
1060 1404 1290 1460 festinas
1339 1407 1586 1473 demere,
1632 1406 1819 1478 siquid

334 1500 422 1547 est
466 1491 726 1556 animum,
772 1490 957 1544 differs
1004 1490 1231 1544 curandi
1277 1498 1496 1561 tempus
1539 1489 1598 1546 in
1643 1494 1882 1547 annum?

334 1576 621 1631 dimidium
664 1576 795 1629 facti
840 1574 937 1647 qui
981 1576 1167 1648 coepit
1207 1575 1403 1630 habet:
1450 1594 1642 1648 sapere
1687 1580 1862 1634 aude:

331 1662 538 1735 incipe.
585 1660 681 1734 qui
726 1669 879 1715 recte
922 1660 1148 1714 vivendi
1190 1670 1456 1731 prorogat
1500 1663 1710 1728 horam,

332 1748 570 1804 rusticus
617 1753 876 1817 expectat
919 1747 1050 1799 dum
1093 1746 1304 1800 defluat
1345 1748 1546 1801 amnis:
1591 1756 1648 1803 at
1690 1748 1788 1805 ille

335 1833 542 1888 labitur
584 1841 642 1887 et
685 1831 905 1886 labetur
946 1830 1006 1885 in
1052 1849 1215 1885 omne
1258 1832 1518 1888 volubilis
1565 1852 1777 1889 aevum.

341 1918 627 1991 quaeritur
670 1926 959 1989 argentum
1004 1916 1305 1989 puerisque
1350 1919 1512 1972 beata
1557 1922 1806 1976 creandis

336 2022 484 2058 uxor
528 2010 586 2057 et
628 2002 869 2056 incultae
913 2010 1185 2073 pacantur
1228 2020 1454 2058 vomere
1501 2004 1690 2061 silvae.

340 2091 489 2162 quod
535 2088 667 2142 satis
712 2096 797 2143 est
840 2086 929 2142 cui
972 2087 1264 2157 contingit,
1309 2089 1390 2142 nil
1441 2091 1674 2161 amplius
1719 2097 1892 2161 optet.

339 2194 449 2229 non
496 2174 691 2229 domus
738 2181 795 2227 et
838 2174 1059 2239 fundus,
1106 2192 1219 2227 non
1265 2174 1408 2229 aeris
1453 2192 1684 2230 acervus
1731 2184 1787 2230 et
1830 2175 1951 2231 auri

338 2267 568 2331 aegroto
613 2258 823 2313 domini
868 2259 1102 2313 deduxit
1146 2277 1378 2329 corpore
1419 2260 1612 2326 febris,

340 2364 453 2399 non
498 2344 679 2398 animo
726 2363 917 2398 curas:
963 2345 1145 2399 valeat
1187 2362 1474 2416 possessor
1516 2353 1754 2417 oportet,

340 2431 388 2485 si
433 2429 769 2500 conportatis
815 2431 981 2484 rebus
1026 2431 1168 2483 bene
1212 2428 1422 2500 cogitat
1463 2430 1566 2484 uti.

340 2515 436 2588 qui
482 2514 636 2586 cupit
678 2521 771 2569 aut
817 2514 1031 2579 metuit,
1076 2514 1229 2569 iuvat
1271 2514 1427 2569 illum
1472 2515 1552 2571 sic
1596 2518 1792 2571 domus
1837 2525 1894 2573 et
1935 2534 2024 2571 res

337 2609 402 2655 ut
444 2600 657 2671 lippum
701 2600 886 2672 pictae
929 2601 1172 2663 tabulae,
1217 2601 1464 2656 fomenta
1505 2603 1833 2674 podagram,

340 2685 614 2740 auriculas
658 2685 901 2741 citharae
948 2686 1198 2739 conlecta
1243 2687 1406 2741 sorde
1450 2688 1708 2742 dolentis.

340 2771 614 2827 sincerum
658 2778 744 2826 est
786 2770 895 2825 nisi
937 2790 1057 2839 vasu,
1102 2772 1472 2843 quodcunque
1515 2772 1758 2827 infundis
1803 2772 2028 2828 acescit.

341 2875 540 2928 sperne
583 2856 929 2927 voluptates:
976 2865 1141 2911 nocet
1186 2864 1372 2928 empta
1416 2858 1611 2913 dolore
1654 2859 1932 2929 voluptas.

342 2961 561 3013 semper
602 2960 799 2997 avarus
845 2950 998 3013 eget:
1046 2951 1258 2996 certum
1301 2952 1434 2998 voto
1477 2951 1608 3015 pete
1653 2944 1840 2999 finem.

338 3028 560 3082 invidus
606 3027 832 3082 alterius
877 3028 1168 3084 macrescit
1210 3029 1377 3083 rebus
1423 3028 1652 3099 opimis:

337 3112 547 3167 invidia
592 3113 765 3168 Siculi
807 3131 919 3169 non
963 3112 1223 3169 invenere
1267 3112 1490 3184 tyranni

338 3198 514 3253 maius
557 3206 909 3255 tormentum.
956 3200 1051 3271 qui
1095 3219 1207 3255 non
1253 3198 1631 3255 moderabitur
1673 3198 1806 3266 irae,

339 3284 604 3339 infectum
647 3285 801 3341 volet
844 3302 984 3351 esse,
1032 3286 1193 3339 dolor
1237 3286 1386 3357 quod
1431 3284 1670 3338 suaserit
1713 3293 1772 3339 et
1812 3300 1986 3351 mens,

341 3372 473 3423 dum
518 3389 725 3442 poenas
771 3370 900 3427 odio
943 3389 1046 3441 per
1088 3370 1198 3425 vim
1243 3370 1468 3425 festinat
1509 3369 1706 3424 inulto.

340 3455 427 3509 ira
469 3456 624 3511 furor
666 3456 852 3512 brevis
900 3464 1007 3511 est:
1054 3456 1297 3511 animum
1341 3474 1506 3527 rege3
1553 3453 1650 3527 qui
1691 3453 1801 3509 nisi
1841 3460 2026 3527 paret,

341 3540 607 3613 imperat:
651 3542 801 3598 hunc
843 3540 1037 3611 frenis,
1081 3542 1229 3597 hunc
1273 3550 1338 3597 tu
1381 3558 1654 3614 conpesce
1699 3548 1913 3596 catena.
