2459 3959
1022 302 1256 358 LIBER
1298 304 1381 361 Π.
1432 310 1463 359 3
2067 298 2218 361 249

450 457 718 513 inberbus
761 456 999 524 iuvenis,
1045 458 1274 511 tandem
1317 460 1551 513 custode
1593 466 1828 525 remote,

440 545 653 617 gaudet
696 542 856 615 cquis
898 540 1240 615 canibusque
1283 553 1342 598 et
1383 543 1560 615 aprici
1602 543 1856 617 gramine
1899 542 2095 615 campi,

442 646 636 683 cereus
680 629 767 703 im
782 627 982 683 vitium
1022 628 1193 695 flecti,
1239 628 1609 685 monitoribus
1651 646 1834 701 asper,

448 713 668 769 utilium
712 715 905 768 tardus
948 712 1224 785 provisor,
1269 714 1537 787 prodigus
1581 716 1744 783 aeris,

273 804 394 857 165
443 799 695 855 sublimis
738 800 1084 873 cupidusque
1128 807 1185 853 et
1227 806 1412 853 amata
1453 800 1771 873 relinquere
1813 802 2034 875 pernix.

444 884 727 941 conversis
770 884 969 939 studiis
1012 893 1165 939 aetas
1210 884 1536 957 animusque
1579 886 1754 942 virilis

446 970 665 1043 quaerit
708 988 841 1042 opes
884 978 945 1025 et
988 968 1278 1037 amicitiae,
1323 968 1558 1026 inservit
1599 971 1818 1039 honori,

448 1056 768 1112 conmisisse
812 1063 973 1111 cavet
1014 1056 1167 1127 quod
1208 1074 1341 1110 mox
1385 1066 1599 1111 mutare
1643 1058 1877 1114 laboret.

444 1142 618 1196 multa
660 1159 849 1197 senem
892 1140 1334 1195 circumveniunt
1373 1140 1742 1209 incommoda,
1785 1144 1878 1199 vel
1923 1148 2077 1217 quod
2119 1186 2126 1191 -

278 1234 397 1283 170
446 1226 663 1299 quaerit
704 1234 763 1281 et
802 1226 1045 1283 inventis
1090 1226 1260 1281 miser
1303 1228 1549 1283 abstinet
1591 1246 1659 1282 ac
1701 1228 1864 1285 timet
1905 1232 2012 1299 uti,
2093 1268 2096 1271 -

442 1312 533 1368 vel
576 1314 727 1385 quod
769 1330 859 1367 res
904 1310 1079 1366 omnis
1124 1311 1322 1365 timide
1365 1312 1662 1385 gelideque
1705 1314 1998 1383 ministrat,

442 1398 665 1464 dilator,
708 1416 809 1471 spe
852 1398 1069 1469 longus,
1114 1396 1284 1465 inere,
1329 1397 1638 1471 avidusque
1681 1400 1874 1471 futuri,

444 1482 701 1551 difficilis,
746 1484 1031 1557 querulus,
1076 1484 1332 1536 laudator
1360 1484 1626 1555 temporis
1671 1485 1782 1539 acti

444 1587 507 1625 se
548 1587 743 1641 puero,
788 1568 1087 1639 castigator
1130 1585 1440 1640 censorque
1485 1570 1778 1631 minorum.

280 1661 398 1712 175
446 1655 623 1709 multa
662 1655 849 1709 ferunt
890 1654 1022 1708 anni
1064 1653 1352 1708 venientes
1397 1657 1686 1711 commoda
1729 1672 1936 1725 secum,

445 1740 621 1794 multa
660 1741 987 1795 recedentes
1031 1738 1315 1793 adimunt:
1360 1758 1432 1795 ne
1473 1740 1618 1795 forte
1660 1740 1862 1795 seniles

446 1828 777 1880 mandentur
818 1824 1005 1879 iuveni
1046 1833 1234 1897 partes
1277 1842 1562 1897 pueroque
1605 1826 1810 1881 viriles.

446 1928 664 1984 semper
704 1909 764 1965 in
808 1910 1085 1965 adiunctis
1129 1928 1380 1982 aevoque
1425 1912 1764 1965 morabimur
1805 1911 1967 1983 aptis.

444 2004 543 2050 aut
584 1996 770 2069 agitur
812 2015 903 2051 res
946 1996 1005 2050 in
1050 1994 1264 2050 scaenis
1307 2004 1408 2050 aut
1449 1988 1572 2051 acffi
1613 1999 1871 2054 refertur.

287 2087 404 2139 180
452 2080 677 2154 segnius
720 2081 955 2136 inritant
996 2081 1210 2135 animos
1257 2080 1498 2135 demissa
1539 2101 1642 2153 per
1685 2100 1876 2137 aurem

448 2185 613 2239 quam
658 2186 802 2239 quae
845 2176 975 2222 sunt
1016 2166 1192 2221 oculis
1239 2166 1492 2221 subiecta
1534 2168 1794 2222 fidelibus
1839 2175 1896 2221 et
1941 2184 2084 2238 quae

446 2254 569 2324 ipse
614 2251 721 2305 sibi
760 2252 935 2307 tradit
978 2260 1280 2323 spectator.
1325 2269 1438 2305 non
1481 2260 1668 2307 tamen
1711 2255 1862 2308 intus

447 2337 619 2410 digna
660 2336 780 2409 geri
824 2356 1047 2410 promes
1091 2337 1149 2392 in
1194 2352 1468 2403 scaenam,
1517 2339 1804 2410 multaque
1848 2338 2012 2393 tolles

450 2440 523 2478 ex
567 2423 743 2478 oculis
790 2441 933 2495 quae
975 2441 1108 2477 mox
1152 2430 1343 2476 narret
1383 2422 1646 2477 facundia
1688 2441 1973 2497 praesens,

289 2514 406 2565 185
454 2526 526 2563 ne
568 2526 771 2581 pueros
818 2526 1005 2563 coram
1048 2508 1256 2580 populo
1298 2508 1507 2561 Medea
1547 2509 1812 2577 trucidet,

450 2602 549 2649 aut
589 2594 831 2648 humana
872 2594 1057 2666 palam
1102 2603 1307 2669 coquat
1349 2603 1480 2647 exta
1524 2594 1766 2649 nefarius
1810 2586 2039 2663 Atreus,

447 2686 545 2734 aut
584 2678 645 2733 in
688 2697 846 2735 avem
886 2680 1105 2734 Procne
1149 2687 1417 2747 vert-atur,
1463 2677 1704 2734 Cadmus
1747 2680 1807 2734 in
1851 2697 2109 2749 anguem.⁴

446 2765 819 2837 quodcunque
862 2765 1111 2821 ostendis
1154 2764 1290 2821 mihi
1335 2764 1434 2831 sic,
1477 2762 1792 2819 incredulus
1837 2764 1948 2818 odi.

442 2868 585 2906 neve
627 2850 809 2905 minor
850 2869 963 2905 neu
1006 2850 1081 2904 sit
1123 2850 1320 2921 quinto
1361 2849 1686 2921 productior
1728 2852 1856 2903 actu

288 2939 405 2991 190
450 2936 639 2991 fabula
681 2954 825 3007 quae
866 2935 1024 3007 posci
1064 2936 1185 2989 volt
1228 2944 1286 2989 et
1329 2942 1582 3007 spectata
1621 2933 1838 3005 reponi.

449 3040 554 3079 nec
596 3023 731 3075 deus
772 3020 1021 3087 insersit,
1066 3020 1177 3075 nisi
1219 3020 1421 3092 dignus
1466 3018 1686 3074 vindice
1728 3020 1906 3073 nodus

447 3106 738 3164 inciderit:
780 3125 886 3161 nec
930 3114 1129 3177 quarta
1169 3106 1328 3177 loqui
1370 3122 1610 3179 persona
1653 3104 1890 3159 laboret.

399 3178 404 3185 ’
446 3192 651 3248 actoris
694 3191 869 3264 partis
928 3193 1129 3246 chorus
1174 3191 1528 3263 officiumque
1570 3189 1731 3245 virile

328 3344 341 3353 .
450 3279 735 3343 defendat,
780 3296 891 3332 neu
936 3277 1072 3349 quid
1116 3277 1326 3331 medios
1346 3275 1670 3347 ,intercinat
1711 3282 1869 3329 actus

292 3369 407 3419 195
456 3365 606 3435 quod
648 3381 762 3417 non
804 3362 1095 3434 proposito
1140 3364 1416 3417 conducat
1460 3370 1516 3415 et
1559 3362 1790 3432 haereat
1832 3368 1978 3433 apte.

450 3448 549 3505 ille
591 3444 755 3503 bonis
802 3448 1103 3519 faveatque
1147 3457 1204 3502 et
1248 3448 1572 3503 consilietur
1615 3445 1810 3513 amice,
1903 3458 1907 3463 ·

439 3541 501 3589 et
540 3542 704 3607 regat
744 3533 942 3601 iratos,
990 3538 1049 3588 et
1092 3542 1241 3587 amet
1283 3551 1482 3605 pacare
1524 3530 1818 3599 tumentis,
