<?xml version="1.0" encoding="UTF-8"?>
<!DOCTYPE html PUBLIC "-//W3C//DTD XHTML 1.0 Transitional//EN"
    "http://www.w3.org/TR/xhtml1/DTD/xhtml1-transitional.dtd">
<html xmlns="http://www.w3.org/1999/xhtml" xml:lang="en" lang="en">
 <head>
  <title>
</title>
<meta http-equiv="Content-Type" content="text/html;charset=utf-8" />
  <meta name='ocr-system' content='tesseract 3.04.00' />
  <meta name='ocr-capabilities' content='ocr_page ocr_carea ocr_par ocr_line ocrx_word'/>
</head>
<body>
  <div class='ocr_page' id='page_1' title='image "./qhoratiusflaccu00linkgoog_0142.png"; bbox 0 0 2459 3959; ppageno 0'>
   <div class='ocr_carea' id='block_1_1' title="bbox 339 277 424 338">
    <p class='ocr_par' dir='ltr' id='par_1_1' title="bbox 339 277 424 338">
     <span class='ocr_line' id='line_1_1' title="bbox 339 277 424 338; baseline 0.024 -2"><span class='ocrx_word' id='word_1_1' title='bbox 339 277 424 338; x_wconf 78' lang='lat'>82</span> 
     </span>
    </p>
   </div>
   <div class='ocr_carea' id='block_1_2' title="bbox 347 613 418 662">
    <p class='ocr_par' dir='ltr' id='par_1_2' title="bbox 347 613 418 662">
     <span class='ocr_line' id='line_1_2' title="bbox 347 613 418 662; baseline 0.014 -1"><span class='ocrx_word' id='word_1_2' title='bbox 347 613 418 662; x_wconf 81' lang='lat'>15</span> 
     </span>
    </p>
   </div>
   <div class='ocr_carea' id='block_1_3' title="bbox 348 1099 424 1150">
    <p class='ocr_par' dir='ltr' id='par_1_3' title="bbox 348 1099 424 1150">
     <span class='ocr_line' id='line_1_3' title="bbox 348 1099 424 1150; baseline 0.013 -1"><span class='ocrx_word' id='word_1_3' title='bbox 348 1099 424 1150; x_wconf 87' lang='lat'>20</span> 
     </span>
    </p>
   </div>
   <div class='ocr_carea' id='block_1_4' title="bbox 348 1653 420 1701">
    <p class='ocr_par' dir='ltr' id='par_1_4' title="bbox 348 1653 420 1701">
     <span class='ocr_line' id='line_1_4' title="bbox 348 1653 420 1701; baseline -0.014 0"><span class='ocrx_word' id='word_1_4' title='bbox 348 1653 420 1701; x_wconf 82' lang='lat'>25</span> 
     </span>
    </p>
   </div>
   <div class='ocr_carea' id='block_1_5' title="bbox 350 2145 423 2193">
    <p class='ocr_par' dir='ltr' id='par_1_5' title="bbox 350 2145 423 2193">
     <span class='ocr_line' id='line_1_5' title="bbox 350 2145 423 2193; baseline 0.014 -1"><span class='ocrx_word' id='word_1_5' title='bbox 350 2145 423 2193; x_wconf 82' lang='lat'>30</span> 
     </span>
    </p>
   </div>
   <div class='ocr_carea' id='block_1_6' title="bbox 351 2631 424 2681">
    <p class='ocr_par' dir='ltr' id='par_1_6' title="bbox 351 2631 424 2681">
     <span class='ocr_line' id='line_1_6' title="bbox 351 2631 424 2681; baseline -0.014 0"><span class='ocrx_word' id='word_1_6' title='bbox 351 2631 424 2681; x_wconf 79' lang='lat'>35</span> 
     </span>
    </p>
   </div>
   <div class='ocr_carea' id='block_1_7' title="bbox 1031 281 1532 336">
    <p class='ocr_par' dir='ltr' id='par_1_7' title="bbox 1031 281 1532 336">
     <span class='ocr_line' id='line_1_7' title="bbox 1031 281 1532 336; baseline 0.004 -2"><span class='ocrx_word' id='word_1_7' title='bbox 1031 303 1036 312; x_wconf 89' lang='lat'>·</span> <span class='ocrx_word' id='word_1_8' title='bbox 1119 281 1419 336; x_wconf 85' lang='lat' dir='ltr'>CARMIN</span> <span class='ocrx_word' id='word_1_9' title='bbox 1423 281 1532 336; x_wconf 85' lang='lat' dir='ltr'>VM</span> 
     </span>
    </p>
   </div>
   <div class='ocr_carea' id='block_1_8' title="bbox 469 436 1543 765">
    <p class='ocr_par' dir='ltr' id='par_1_8' title="bbox 470 436 1507 506">
     <span class='ocr_line' id='line_1_8' title="bbox 470 436 1507 506; baseline -0.001 -16"><span class='ocrx_word' id='word_1_10' title='bbox 470 436 546 492; x_wconf 85' lang='lat' dir='ltr'>sis</span> <span class='ocrx_word' id='word_1_11' title='bbox 595 437 730 491; x_wconf 80' lang='lat' dir='ltr'>lieet</span> <span class='ocrx_word' id='word_1_12' title='bbox 771 436 906 492; x_wconf 81' lang='lat' dir='ltr'>felix</span> <span class='ocrx_word' id='word_1_13' title='bbox 951 437 1270 506; x_wconf 84' lang='lat' dir='ltr'>ubicunque</span> <span class='ocrx_word' id='word_1_14' title='bbox 1314 436 1507 502; x_wconf 82' lang='lat' dir='ltr'>mavis,</span> 
     </span>
    </p>

    <p class='ocr_par' dir='ltr' id='par_1_9' title="bbox 469 518 1543 588">
     <span class='ocr_line' id='line_1_9' title="bbox 469 518 1543 588; baseline -0.002 -11"><span class='ocrx_word' id='word_1_15' title='bbox 469 531 528 577; x_wconf 83' lang='lat' dir='ltr'>et</span> <span class='ocrx_word' id='word_1_16' title='bbox 571 539 782 577; x_wconf 87' lang='lat' dir='ltr'>memor</span> <span class='ocrx_word' id='word_1_17' title='bbox 825 521 1024 588; x_wconf 77' lang='lat' dir='ltr'>nostri,</span> <span class='ocrx_word' id='word_1_18' title='bbox 1069 518 1323 585; x_wconf 80' lang='lat' dir='ltr'>Galatea,</span> <span class='ocrx_word' id='word_1_19' title='bbox 1368 522 1543 586; x_wconf 81' lang='lat' dir='ltr'>vivas,</span> 
     </span>
    </p>

    <p class='ocr_par' dir='ltr' id='par_1_10' title="bbox 469 606 1541 765">
     <span class='ocr_line' id='line_1_10' title="bbox 469 606 1541 680; baseline -0.002 -18"><span class='ocrx_word' id='word_1_20' title='bbox 469 615 636 680; x_wconf 85' lang='lat' dir='ltr'>teque</span> <span class='ocrx_word' id='word_1_21' title='bbox 681 625 784 662; x_wconf 82' lang='lat' dir='ltr'>nec</span> <span class='ocrx_word' id='word_1_22' title='bbox 827 608 1016 661; x_wconf 83' lang='lat' dir='ltr'>laevus</span> <span class='ocrx_word' id='word_1_23' title='bbox 1062 615 1217 660; x_wconf 83' lang='lat' dir='ltr'>vetet</span> <span class='ocrx_word' id='word_1_24' title='bbox 1261 606 1342 659; x_wconf 89' lang='lat' dir='ltr'>ire</span> <span class='ocrx_word' id='word_1_25' title='bbox 1386 608 1541 678; x_wconf 80' lang='lat' dir='ltr'>picus</span> 
     </span>
     <span class='ocr_line' id='line_1_11' title="bbox 554 692 1098 765; baseline -0.007 -17"><span class='ocrx_word' id='word_1_26' title='bbox 554 710 657 748; x_wconf 84' lang='lat' dir='ltr'>neo</span> <span class='ocrx_word' id='word_1_27' title='bbox 700 711 842 765; x_wconf 83' lang='lat' dir='ltr'>vaga</span> <span class='ocrx_word' id='word_1_28' title='bbox 887 692 1098 747; x_wconf 82' lang='lat' dir='ltr'>cornix.</span> 
     </span>
    </p>
   </div>
   <div class='ocr_carea' id='block_1_9' title="bbox 464 839 1589 1169">
    <p class='ocr_par' dir='ltr' id='par_1_11' title="bbox 466 839 1589 911">
     <span class='ocr_line' id='line_1_12' title="bbox 466 839 1589 911; baseline -0.002 -17"><span class='ocrx_word' id='word_1_29' title='bbox 466 840 565 896; x_wconf 85' lang='lat' dir='ltr'>sed</span> <span class='ocrx_word' id='word_1_30' title='bbox 611 839 768 894; x_wconf 86' lang='lat' dir='ltr'>vides</span> <span class='ocrx_word' id='word_1_31' title='bbox 813 847 1022 911; x_wconf 86' lang='lat' dir='ltr'>quanto</span> <span class='ocrx_word' id='word_1_32' title='bbox 1067 839 1311 909; x_wconf 78' lang='lat' dir='ltr'><strong>trepidet</strong></span> <span class='ocrx_word' id='word_1_33' title='bbox 1352 840 1589 893; x_wconf 81' lang='lat' dir='ltr'><strong>tumultu</strong></span> 
     </span>
    </p>

    <p class='ocr_par' dir='ltr' id='par_1_12' title="bbox 467 923 1525 997">
     <span class='ocr_line' id='line_1_13' title="bbox 467 923 1525 997; baseline -0.004 -17"><span class='ocrx_word' id='word_1_34' title='bbox 467 943 676 997; x_wconf 88' lang='lat' dir='ltr'>pronus</span> <span class='ocrx_word' id='word_1_35' title='bbox 723 923 914 980; x_wconf 88' lang='lat' dir='ltr'>Orion.</span> <span class='ocrx_word' id='word_1_36' title='bbox 959 941 1063 996; x_wconf 89' lang='lat' dir='ltr'>ego</span> <span class='ocrx_word' id='word_1_37' title='bbox 1107 925 1243 996; x_wconf 91' lang='lat' dir='ltr'>quid</span> <span class='ocrx_word' id='word_1_38' title='bbox 1289 925 1363 978; x_wconf 90' lang='lat' dir='ltr'>sit</span> <span class='ocrx_word' id='word_1_39' title='bbox 1405 934 1525 978; x_wconf 86' lang='lat' dir='ltr'>ater</span> 
     </span>
    </p>

    <p class='ocr_par' dir='ltr' id='par_1_13' title="bbox 464 1010 1573 1169">
     <span class='ocr_line' id='line_1_14' title="bbox 464 1010 1573 1083; baseline -0.004 -17"><span class='ocrx_word' id='word_1_40' title='bbox 464 1010 712 1066; x_wconf 77' lang='lat' dir='ltr'><strong>Hadriae</strong></span> <span class='ocrx_word' id='word_1_41' title='bbox 757 1010 889 1064; x_wconf 86' lang='lat' dir='ltr'>novi</span> <span class='ocrx_word' id='word_1_42' title='bbox 935 1010 1089 1064; x_wconf 86' lang='lat' dir='ltr'>sinus</span> <span class='ocrx_word' id='word_1_43' title='bbox 1135 1019 1192 1064; x_wconf 88' lang='lat' dir='ltr'>et</span> <span class='ocrx_word' id='word_1_44' title='bbox 1236 1011 1371 1083; x_wconf 88' lang='lat' dir='ltr'>quid</span> <span class='ocrx_word' id='word_1_45' title='bbox 1415 1012 1573 1064; x_wconf 86' lang='lat' dir='ltr'>albus</span> 
     </span>
     <span class='ocr_line' id='line_1_15' title="bbox 554 1097 985 1169; baseline -0.002 -17"><span class='ocrx_word' id='word_1_46' title='bbox 554 1106 747 1169; x_wconf 80' lang='lat' dir='ltr'>peccet</span> <span class='ocrx_word' id='word_1_47' title='bbox 787 1097 985 1168; x_wconf 78' lang='lat' dir='ltr'>Iapyx·</span> 
     </span>
    </p>
   </div>
   <div class='ocr_carea' id='block_1_10' title="bbox 469 1241 1668 1570">
    <p class='ocr_par' dir='ltr' id='par_1_14' title="bbox 470 1241 1542 1314">
     <span class='ocr_line' id='line_1_16' title="bbox 470 1241 1542 1314; baseline -0.003 -18"><span class='ocrx_word' id='word_1_48' title='bbox 470 1241 739 1309; x_wconf 89' lang='lat' dir='ltr'>[hostium</span> <span class='ocrx_word' id='word_1_49' title='bbox 785 1261 988 1297; x_wconf 84' lang='lat' dir='ltr'>uxores</span> <span class='ocrx_word' id='word_1_50' title='bbox 1032 1243 1303 1314; x_wconf 85' lang='lat' dir='ltr'>puerique</span> <span class='ocrx_word' id='word_1_51' title='bbox 1350 1261 1542 1296; x_wconf 73' lang='lat' dir='ltr'>caecos</span> 
     </span>
    </p>

    <p class='ocr_par' dir='ltr' id='par_1_15' title="bbox 469 1329 1525 1382">
     <span class='ocr_line' id='line_1_17' title="bbox 469 1329 1525 1382; baseline -0.002 -2"><span class='ocrx_word' id='word_1_52' title='bbox 469 1329 711 1382; x_wconf 75' lang='lat' dir='ltr'>sentiant</span> <span class='ocrx_word' id='word_1_53' title='bbox 755 1338 933 1382; x_wconf 80' lang='lat' dir='ltr'>motus</span> <span class='ocrx_word' id='word_1_54' title='bbox 980 1329 1209 1382; x_wconf 87' lang='lat' dir='ltr'>orientis</span> <span class='ocrx_word' id='word_1_55' title='bbox 1254 1329 1425 1381; x_wconf 79' lang='lat' dir='ltr'><strong>austri</strong></span> <span class='ocrx_word' id='word_1_56' title='bbox 1470 1341 1525 1381; x_wconf 72' lang='lat' dir='ltr'>et</span> 
     </span>
    </p>

    <p class='ocr_par' dir='ltr' id='par_1_16' title="bbox 470 1413 1668 1570">
     <span class='ocr_line' id='line_1_18' title="bbox 470 1413 1668 1486; baseline 0 -18"><span class='ocrx_word' id='word_1_57' title='bbox 470 1414 722 1486; x_wconf 86' lang='lat' dir='ltr'>aequoris</span> <span class='ocrx_word' id='word_1_58' title='bbox 768 1414 913 1486; x_wconf 86' lang='lat' dir='ltr'>nigri</span> <span class='ocrx_word' id='word_1_59' title='bbox 957 1413 1235 1468; x_wconf 80' lang='lat' dir='ltr'>fremitum</span> <span class='ocrx_word' id='word_1_60' title='bbox 1283 1427 1338 1468; x_wconf 85' lang='lat' dir='ltr'>et</span> <span class='ocrx_word' id='word_1_61' title='bbox 1381 1415 1668 1468; x_wconf 77' lang='lat' dir='ltr'>trementis</span> 
     </span>
     <span class='ocr_line' id='line_1_19' title="bbox 556 1496 1016 1570; baseline 0 -16"><span class='ocrx_word' id='word_1_62' title='bbox 556 1502 783 1555; x_wconf 85' lang='lat' dir='ltr'>verbere</span> <span class='ocrx_word' id='word_1_63' title='bbox 827 1496 1016 1570; x_wconf 67' lang='lat' dir='ltr'>ripas]</span> 
     </span>
    </p>
   </div>
   <div class='ocr_carea' id='block_1_11' title="bbox 468 1646 1555 1974">
    <p class='ocr_par' dir='ltr' id='par_1_17' title="bbox 471 1646 1421 1717">
     <span class='ocr_line' id='line_1_20' title="bbox 471 1646 1421 1717; baseline -0.003 -16"><span class='ocrx_word' id='word_1_64' title='bbox 471 1646 549 1701; x_wconf 87' lang='lat' dir='ltr'>sic</span> <span class='ocrx_word' id='word_1_65' title='bbox 593 1655 651 1700; x_wconf 86' lang='lat' dir='ltr'>et</span> <span class='ocrx_word' id='word_1_66' title='bbox 693 1648 916 1717; x_wconf 82' lang='lat' dir='ltr'><strong>Europe</strong></span> <span class='ocrx_word' id='word_1_67' title='bbox 963 1647 1183 1700; x_wconf 88' lang='lat' dir='ltr'>niveum</span> <span class='ocrx_word' id='word_1_68' title='bbox 1228 1647 1421 1700; x_wconf 83' lang='lat' dir='ltr'>doloso</span> 
     </span>
    </p>

    <p class='ocr_par' dir='ltr' id='par_1_18' title="bbox 469 1731 1542 1786">
     <span class='ocr_line' id='line_1_21' title="bbox 469 1731 1542 1786; baseline -0.001 0"><span class='ocrx_word' id='word_1_69' title='bbox 469 1731 704 1786; x_wconf 84' lang='lat' dir='ltr'>credidit</span> <span class='ocrx_word' id='word_1_70' title='bbox 747 1743 906 1786; x_wconf 86' lang='lat' dir='ltr'>tauro</span> <span class='ocrx_word' id='word_1_71' title='bbox 951 1732 1094 1785; x_wconf 84' lang='lat' dir='ltr'>latus</span> <span class='ocrx_word' id='word_1_72' title='bbox 1140 1744 1196 1786; x_wconf 87' lang='lat' dir='ltr'>et</span> <span class='ocrx_word' id='word_1_73' title='bbox 1241 1741 1542 1786; x_wconf 85' lang='lat' dir='ltr'>scatentem</span> 
     </span>
    </p>

    <p class='ocr_par' dir='ltr' id='par_1_19' title="bbox 468 1816 1555 1974">
     <span class='ocr_line' id='line_1_22' title="bbox 468 1816 1555 1890; baseline 0 -18"><span class='ocrx_word' id='word_1_74' title='bbox 468 1816 646 1872; x_wconf 89' lang='lat' dir='ltr'>beluis</span> <span class='ocrx_word' id='word_1_75' title='bbox 692 1828 922 1890; x_wconf 86' lang='lat' dir='ltr'>pontum</span> <span class='ocrx_word' id='word_1_76' title='bbox 966 1817 1286 1889; x_wconf 86' lang='lat' dir='ltr'>mediasque</span> <span class='ocrx_word' id='word_1_77' title='bbox 1330 1819 1555 1872; x_wconf 80' lang='lat' dir='ltr'><strong>fraudes</strong></span> 
     </span>
     <span class='ocr_line' id='line_1_23' title="bbox 555 1903 996 1974; baseline -0.005 -16"><span class='ocrx_word' id='word_1_78' title='bbox 555 1903 755 1974; x_wconf 85' lang='lat' dir='ltr'>palluit</span> <span class='ocrx_word' id='word_1_79' title='bbox 798 1905 996 1958; x_wconf 85' lang='lat' dir='ltr'>audax.</span> 
     </span>
    </p>
   </div>
   <div class='ocr_carea' id='block_1_12' title="bbox 472 2051 1599 2360">
    <p class='ocr_par' dir='ltr' id='par_1_20' title="bbox 472 2051 1599 2122">
     <span class='ocr_line' id='line_1_24' title="bbox 472 2051 1599 2122; baseline -0.003 -17"><span class='ocrx_word' id='word_1_80' title='bbox 472 2069 648 2122; x_wconf 84' lang='lat' dir='ltr'><strong>nuper</strong></span> <span class='ocrx_word' id='word_1_81' title='bbox 689 2051 746 2104; x_wconf 91' lang='lat' dir='ltr'>in</span> <span class='ocrx_word' id='word_1_82' title='bbox 793 2051 966 2121; x_wconf 84' lang='lat' dir='ltr'>pratis</span> <span class='ocrx_word' id='word_1_83' title='bbox 999 2051 1261 2106; x_wconf 84' lang='lat' dir='ltr'>studiosa</span> <span class='ocrx_word' id='word_1_84' title='bbox 1304 2053 1499 2104; x_wconf 88' lang='lat' dir='ltr'>florum</span> <span class='ocrx_word' id='word_1_85' title='bbox 1547 2059 1599 2104; x_wconf 82' lang='lat' dir='ltr'>et</span> 
     </span>
    </p>

    <p class='ocr_par' dir='ltr' id='par_1_21' title="bbox 473 2135 1517 2207">
     <span class='ocr_line' id='line_1_25' title="bbox 473 2135 1517 2207; baseline -0.001 -17"><span class='ocrx_word' id='word_1_86' title='bbox 473 2137 692 2191; x_wconf 80' lang='lat' dir='ltr'>debitae</span> <span class='ocrx_word' id='word_1_87' title='bbox 735 2135 1006 2207; x_wconf 81' lang='lat' dir='ltr'>Nymphis</span> <span class='ocrx_word' id='word_1_88' title='bbox 1052 2136 1238 2207; x_wconf 85' lang='lat' dir='ltr'>opifex</span> <span class='ocrx_word' id='word_1_89' title='bbox 1285 2153 1517 2189; x_wconf 84' lang='lat' dir='ltr'>coronae</span> 
     </span>
    </p>

    <p class='ocr_par' dir='ltr' id='par_1_22' title="bbox 473 2219 1591 2360">
     <span class='ocr_line' id='line_1_26' title="bbox 473 2219 1591 2293; baseline -0.002 -17"><span class='ocrx_word' id='word_1_90' title='bbox 473 2231 638 2276; x_wconf 83' lang='lat' dir='ltr'>nocte</span> <span class='ocrx_word' id='word_1_91' title='bbox 682 2221 950 2275; x_wconf 80' lang='lat' dir='ltr'><strong>sublustri</strong></span> <span class='ocrx_word' id='word_1_92' title='bbox 993 2219 1132 2274; x_wconf 88' lang='lat' dir='ltr'>nihil</span> <span class='ocrx_word' id='word_1_93' title='bbox 1177 2231 1325 2274; x_wconf 86' lang='lat' dir='ltr'>astra</span> <span class='ocrx_word' id='word_1_94' title='bbox 1368 2220 1591 2293; x_wconf 71' lang='lat' dir='ltr'>praeter</span> 
     </span>
     <span class='ocr_line' id='line_1_27' title="bbox 561 2306 1036 2360; baseline 0 0"><span class='ocrx_word' id='word_1_95' title='bbox 561 2306 698 2360; x_wconf 87' lang='lat' dir='ltr'>vidit</span> <span class='ocrx_word' id='word_1_96' title='bbox 741 2314 798 2360; x_wconf 88' lang='lat' dir='ltr'>et</span> <span class='ocrx_word' id='word_1_97' title='bbox 841 2308 1036 2360; x_wconf 76' lang='lat' dir='ltr'>undas,</span> 
     </span>
    </p>
   </div>
   <div class='ocr_carea' id='block_1_13' title="bbox 473 2453 1641 2766">
    <p class='ocr_par' dir='ltr' id='par_1_23' title="bbox 473 2453 1641 2695">
     <span class='ocr_line' id='line_1_28' title="bbox 475 2453 1641 2526; baseline -0.002 -18"><span class='ocrx_word' id='word_1_98' title='bbox 475 2471 615 2526; x_wconf 92' lang='lat' dir='ltr'>quae</span> <span class='ocrx_word' id='word_1_99' title='bbox 660 2453 824 2507; x_wconf 79' lang='lat' dir='ltr'>simul</span> <span class='ocrx_word' id='word_1_100' title='bbox 867 2463 1086 2508; x_wconf 87' lang='lat' dir='ltr'>centum</span> <span class='ocrx_word' id='word_1_101' title='bbox 1130 2453 1315 2524; x_wconf 83' lang='lat' dir='ltr'>tetigit</span> <span class='ocrx_word' id='word_1_102' title='bbox 1359 2463 1641 2525; x_wconf 74' lang='lat' dir='ltr'>potentem</span> 
     </span>
     <span class='ocr_line' id='line_1_29' title="bbox 473 2537 1582 2611; baseline -0.003 -16"><span class='ocrx_word' id='word_1_103' title='bbox 473 2539 692 2611; x_wconf 84' lang='lat' dir='ltr'>oppidis</span> <span class='ocrx_word' id='word_1_104' title='bbox 737 2537 964 2607; x_wconf 84' lang='lat' dir='ltr'>Creten,</span> <span class='ocrx_word' id='word_1_105' title='bbox 1012 2537 1206 2610; x_wconf 84' lang='lat' dir='ltr'>‘pater‚</span> <span class='ocrx_word' id='word_1_106' title='bbox 1253 2559 1284 2592; x_wconf 94' lang='lat' dir='ltr'>o</span> <span class='ocrx_word' id='word_1_107' title='bbox 1330 2541 1582 2594; x_wconf 85' lang='lat' dir='ltr'>relictum</span> 
     </span>
     <span class='ocr_line' id='line_1_30' title="bbox 473 2616 1424 2695; baseline -0.003 -15"><span class='ocrx_word' id='word_1_108' title='bbox 473 2625 618 2680; x_wconf 86' lang='lat' dir='ltr'>filiae</span> <span class='ocrx_word' id='word_1_109' title='bbox 641 2616 881 2690; x_wconf 73' lang='lat' dir='ltr'>nomen,</span> <span class='ocrx_word' id='word_1_110' title='bbox 925 2619 1234 2695; x_wconf 86' lang='lat' dir='ltr'>pietasque’</span> <span class='ocrx_word' id='word_1_111' title='bbox 1280 2625 1424 2681; x_wconf 88' lang='lat' dir='ltr'>dixit</span> 
     </span>
    </p>

    <p class='ocr_par' dir='ltr' id='par_1_24' title="bbox 559 2710 976 2766">
     <span class='ocr_line' id='line_1_31' title="bbox 559 2710 976 2766; baseline -0.012 0"><span class='ocrx_word' id='word_1_112' title='bbox 559 2710 720 2766; x_wconf 83' lang='lat' dir='ltr'>‘victa</span> <span class='ocrx_word' id='word_1_113' title='bbox 765 2711 976 2765; x_wconf 88' lang='lat' dir='ltr'>furore!</span> 
     </span>
    </p>
   </div>
   <div class='ocr_carea' id='block_1_14' title="bbox 474 2856 1646 3014">
    <p class='ocr_par' dir='ltr' id='par_1_25' title="bbox 474 2856 1646 3014">
     <span class='ocr_line' id='line_1_32' title="bbox 474 2856 1646 2929; baseline 0 -17"><span class='ocrx_word' id='word_1_114' title='bbox 474 2858 619 2912; x_wconf 90' lang='lat' dir='ltr'>unde</span> <span class='ocrx_word' id='word_1_115' title='bbox 663 2875 773 2929; x_wconf 91' lang='lat' dir='ltr'>quo</span> <span class='ocrx_word' id='word_1_116' title='bbox 817 2856 986 2910; x_wconf 80' lang='lat' dir='ltr'>veni?</span> <span class='ocrx_word' id='word_1_117' title='bbox 1031 2857 1170 2912; x_wconf 87' lang='lat' dir='ltr'>levis</span> <span class='ocrx_word' id='word_1_118' title='bbox 1217 2877 1326 2911; x_wconf 87' lang='lat' dir='ltr'>una</span> <span class='ocrx_word' id='word_1_119' title='bbox 1371 2877 1515 2912; x_wconf 89' lang='lat' dir='ltr'>mors</span> <span class='ocrx_word' id='word_1_120' title='bbox 1560 2867 1646 2912; x_wconf 83' lang='lat' dir='ltr'>est</span> 
     </span>
     <span class='ocr_line' id='line_1_33' title="bbox 474 2943 1562 3014; baseline -0.001 -17"><span class='ocrx_word' id='word_1_121' title='bbox 474 2943 750 3014; x_wconf 81' lang='lat' dir='ltr'>virgiuum</span> <span class='ocrx_word' id='word_1_122' title='bbox 794 2943 1006 3013; x_wconf 85' lang='lat' dir='ltr'>culpae.</span> <span class='ocrx_word' id='word_1_123' title='bbox 1057 2943 1361 3014; x_wconf 83' lang='lat' dir='ltr'>vigilansne</span> <span class='ocrx_word' id='word_1_124' title='bbox 1404 2945 1562 3014; x_wconf 89' lang='lat' dir='ltr'>ploro</span> 
     </span>
    </p>
   </div>
   <div class='ocr_carea' id='block_1_15' title="bbox 379 3028 1667 3100">
    <p class='ocr_par' dir='ltr' id='par_1_26' title="bbox 379 3028 1667 3100">
     <span class='ocr_line' id='line_1_34' title="bbox 379 3028 1667 3100; baseline -0.002 -16"><span class='ocrx_word' id='word_1_125' title='bbox 379 3081 388 3090; x_wconf 83' lang='grc'><strong>,</strong></span> <span class='ocrx_word' id='word_1_126' title='bbox 475 3039 636 3100; x_wconf 84' lang='lat' dir='ltr'>turpe</span> <span class='ocrx_word' id='word_1_127' title='bbox 683 3028 1035 3095; x_wconf 77' lang='lat' dir='ltr'>conmissum,</span> <span class='ocrx_word' id='word_1_128' title='bbox 1081 3047 1150 3082; x_wconf 84' lang='lat' dir='ltr'>an</span> <span class='ocrx_word' id='word_1_129' title='bbox 1195 3029 1345 3082; x_wconf 83' lang='lat' dir='ltr'>vitiis</span> <span class='ocrx_word' id='word_1_130' title='bbox 1390 3041 1667 3085; x_wconf 83' lang='lat' dir='ltr'>carentem</span> 
     </span>
    </p>
   </div>
   <div class='ocr_carea' id='block_1_16' title="bbox 355 3116 432 3168">
    <p class='ocr_par' dir='ltr' id='par_1_27' title="bbox 355 3116 432 3168">
     <span class='ocr_line' id='line_1_35' title="bbox 355 3116 432 3168; baseline 0 0"><span class='ocrx_word' id='word_1_131' title='bbox 355 3116 432 3168; x_wconf 85' lang='lat'>40</span> 
     </span>
    </p>
   </div>
   <div class='ocr_carea' id='block_1_17' title="bbox 563 3113 929 3187">
    <p class='ocr_par' dir='ltr' id='par_1_28' title="bbox 563 3113 929 3187">
     <span class='ocr_line' id='line_1_36' title="bbox 563 3113 929 3187; baseline 0 -21"><span class='ocrx_word' id='word_1_132' title='bbox 563 3113 705 3168; x_wconf 88' lang='lat' dir='ltr'>ludit</span> <span class='ocrx_word' id='word_1_133' title='bbox 747 3115 929 3187; x_wconf 84' lang='lat' dir='ltr'>imago</span> 
     </span>
    </p>
   </div>
   <div class='ocr_carea' id='block_1_18' title="bbox 479 3261 1543 3584">
    <p class='ocr_par' dir='ltr' id='par_1_29' title="bbox 479 3261 1543 3336">
     <span class='ocr_line' id='line_1_37' title="bbox 479 3261 1543 3336; baseline 0.004 -24"><span class='ocrx_word' id='word_1_134' title='bbox 479 3277 634 3325; x_wconf 84' lang='lat' dir='ltr'>vana,</span> <span class='ocrx_word' id='word_1_135' title='bbox 679 3276 822 3330; x_wconf 83' lang='lat' dir='ltr'>quae</span> <span class='ocrx_word' id='word_1_136' title='bbox 865 3268 1026 3331; x_wconf 86' lang='lat' dir='ltr'>porta</span> <span class='ocrx_word' id='word_1_137' title='bbox 1066 3261 1285 3331; x_wconf 86' lang='lat' dir='ltr'>fugiens</span> <span class='ocrx_word' id='word_1_138' title='bbox 1332 3265 1543 3336; x_wconf 76' lang='lat' dir='ltr'>eburna</span> 
     </span>
    </p>

    <p class='ocr_par' dir='ltr' id='par_1_30' title="bbox 479 3343 1533 3401">
     <span class='ocr_line' id='line_1_38' title="bbox 479 3343 1533 3401; baseline 0.002 -2"><span class='ocrx_word' id='word_1_139' title='bbox 479 3343 746 3399; x_wconf 89' lang='lat' dir='ltr'>somnium</span> <span class='ocrx_word' id='word_1_140' title='bbox 792 3345 980 3399; x_wconf 82' lang='lat' dir='ltr'>ducit?</span> <span class='ocrx_word' id='word_1_141' title='bbox 1026 3347 1293 3401; x_wconf 87' lang='lat' dir='ltr'>meliusne</span> <span class='ocrx_word' id='word_1_142' title='bbox 1337 3351 1533 3401; x_wconf 83' lang='lat' dir='ltr'>fluctus</span> 
     </span>
    </p>

    <p class='ocr_par' dir='ltr' id='par_1_31' title="bbox 479 3429 1505 3584">
     <span class='ocr_line' id='line_1_39' title="bbox 479 3429 1505 3500; baseline 0.005 -18"><span class='ocrx_word' id='word_1_143' title='bbox 479 3431 561 3484; x_wconf 89' lang='lat' dir='ltr'>ire</span> <span class='ocrx_word' id='word_1_144' title='bbox 602 3446 701 3500; x_wconf 88' lang='lat' dir='ltr'>per</span> <span class='ocrx_word' id='word_1_145' title='bbox 743 3429 939 3500; x_wconf 88' lang='lat' dir='ltr'>longos</span> <span class='ocrx_word' id='word_1_146' title='bbox 982 3431 1106 3498; x_wconf 88' lang='lat' dir='ltr'>fuit,</span> <span class='ocrx_word' id='word_1_147' title='bbox 1153 3451 1222 3485; x_wconf 81' lang='lat' dir='ltr'>an</span> <span class='ocrx_word' id='word_1_148' title='bbox 1268 3435 1505 3487; x_wconf 86' lang='lat' dir='ltr'>recentis</span> 
     </span>
     <span class='ocr_line' id='line_1_40' title="bbox 565 3517 1038 3584; baseline 0.002 -17"><span class='ocrx_word' id='word_1_149' title='bbox 565 3531 792 3584; x_wconf 82' lang='lat' dir='ltr'>carpere</span> <span class='ocrx_word' id='word_1_150' title='bbox 835 3517 1038 3569; x_wconf 81' lang='lat' dir='ltr'>flores?</span> 
     </span>
    </p>
   </div>
   <div class='ocr_carea' id='block_1_19' title="bbox 2423 3209 2434 3886">
    <p class='ocr_par' dir='ltr' id='par_1_32' title="bbox 2423 3209 2434 3886">
     <span class='ocr_line' id='line_1_41' title="bbox 2423 3209 2434 3886; baseline 0 0"><span class='ocrx_word' id='word_1_151' title='bbox 2423 3209 2434 3886; x_wconf 95' lang='lat' dir='ltr'> </span> 
     </span>
    </p>
   </div>
  </div>
 </body>
</html>
