2459 3959
882 285 1029 340 LIB.
1073 285 1152 340 Π.
1205 294 1451 344 18--20

215 454 252 501 5
309 446 497 500 euhoe
538 439 751 497 recenti
792 457 948 493 mens
992 440 1239 512 trepidat
1279 450 1451 510 metu,

306 531 590 604 plenoque
633 525 844 581 Bacchi
885 532 1110 596 pectore
1153 528 1437 581 turbidum

407 617 664 670 laetatur.
711 612 888 665 euhoe
933 627 1097 682 parce
1141 611 1332 678 Liber,

490 715 675 771 parce,
722 695 880 768 gravi
925 699 1219 753 metuende
1264 699 1474 769 thyrso·

316 873 405 927 fas
450 869 756 943 pervicacis
803 875 890 921 est
930 867 1067 922 mihi
1113 869 1389 940 Thyiadas

175 962 266 1014 10
314 957 546 1027 vinique
589 955 798 1008 sontem
841 953 999 1008 lactis
1045 962 1104 1008 et
1146 957 1351 1010 uberes

413 1049 640 1097 cantare
685 1039 834 1094 rivos
879 1047 1048 1111 atque
1090 1040 1299 1094 truncis

489 1127 647 1199 lapsa.
693 1124 841 1178 cavis
886 1123 1088 1180 iterare
1129 1127 1315 1194 mella,

327 1298 411 1352 fas
457 1305 516 1351 et
559 1297 760 1350 beatae
806 1294 1054 1366 coniugis
1101 1296 1351 1349 additum

319 1382 500 1438 stellis
542 1381 808 1435 honorem
852 1388 1106 1452 tectaque
1151 1381 1388 1436 Penthei

181 1476 267 1524 15
408 1467 642 1522 disiecta.
684 1485 797 1520 non
842 1465 954 1519 leni
997 1467 1156 1520 ruins

497 1551 728 1606 Thracis
772 1559 830 1605 et
874 1551 1105 1605 exitium
1149 1551 1413 1625 Lycurgi.

326 1735 392 1780 tu
433 1724 608 1779 flectis
655 1724 851 1790 amnis,
895 1729 959 1776 tu
1003 1741 1154 1777 mare
1198 1726 1514 1793 barbarum,

323 1820 389 1866 tu
435 1808 700 1882 separatis
743 1808 944 1862 uvidus
991 1809 1046 1862 in
1091 1809 1237 1882 iugis

414 1898 561 1950 nodo
606 1912 826 1949 coerces
871 1894 1125 1965 viperino

189 1989 274 2040 20
495 1979 850 2036 Bistonidum
895 1979 1012 2034 sine
1055 1981 1249 2036 fraude
1295 1981 1487 2037 crinis.

327 2160 414 2219 tu,
463 2169 585 2206 cum
628 2149 876 2223 parentis
921 2169 1096 2222 regna
1137 2168 1243 2222 per
1286 2153 1521 2207 arduum

331 2238 529 2291 cohors
575 2234 877 2308 Gigantum
923 2238 1216 2290 scanderet
1258 2237 1428 2309 inpia,

415 2323 696 2377 Rhoetum
739 2321 1019 2375 retorsisti
1060 2322 1239 2376 leonis

497 2406 777 2478 unguibus
822 2406 1189 2480 horribilique
1232 2407 1416 2463 mala:

206 2587 286 2636 25
340 2578 682 2651 [quanquam
728 2578 944 2634 choreis
990 2579 1172 2652 aptior
1217 2589 1275 2634 et
1317 2580 1453 2636 iocis

331 2665 576 2738 ludoque
622 2663 804 2719 dictus
851 2683 961 2719 non
1006 2675 1094 2719 sat
1135 2666 1369 2721 idoneus

417 2767 636 2822 pugnae
678 2749 966 2817 ferebaris,
1015 2754 1110 2806 sed
1155 2751 1303 2806 idem

501 2834 653 2907 pacis
696 2853 818 2891 eras
863 2835 1189 2909 mediusque
1236 2835 1417 2903 belli.]

332 3016 391 3062 te
433 3006 576 3062 vidit
619 3006 808 3063 insons
853 3007 1124 3065 Cerberus
1170 3028 1337 3066 aureo

208 3099 286 3149 30
337 3110 510 3148 cornu
556 3095 840 3160 decorum,
884 3095 1084 3150 leniter
1130 3104 1375 3151 atterens

424 3180 654 3233 caudam
701 3185 758 3234 et
801 3181 1122 3236 recedentis·
1156 3181 1412 3254 trilingui

509 3282 603 3321 ore
646 3265 817 3336 pedes
861 3266 1160 3339 tetigitque
1205 3285 1382 3323 crura.

1664 3518 1749 3579 4*

2056 281 2141 346 51
