<?xml version="1.0" encoding="UTF-8"?>
<!DOCTYPE html PUBLIC "-//W3C//DTD XHTML 1.0 Transitional//EN"
    "http://www.w3.org/TR/xhtml1/DTD/xhtml1-transitional.dtd">
<html xmlns="http://www.w3.org/1999/xhtml" xml:lang="en" lang="en">
 <head>
  <title>
</title>
<meta http-equiv="Content-Type" content="text/html;charset=utf-8" />
  <meta name='ocr-system' content='tesseract 3.04.00' />
  <meta name='ocr-capabilities' content='ocr_page ocr_carea ocr_par ocr_line ocrx_word'/>
</head>
<body>
  <div class='ocr_page' id='page_1' title='image "./qhoratiusflaccu00linkgoog_0179.png"; bbox 0 0 2459 3959; ppageno 0'>
   <div class='ocr_carea' id='block_1_1' title="bbox 985 251 1447 310">
    <p class='ocr_par' dir='ltr' id='par_1_1' title="bbox 985 251 1447 310">
     <span class='ocr_line' id='line_1_1' title="bbox 985 251 1447 310; baseline 0.011 -4"><span class='ocrx_word' id='word_1_1' title='bbox 985 251 1235 308; x_wconf 87' lang='lat' dir='ltr'><strong>LIBER.</strong></span> <span class='ocrx_word' id='word_1_2' title='bbox 1289 261 1447 310; x_wconf 82' lang='lat'>2--5</span> 
     </span>
    </p>
   </div>
   <div class='ocr_carea' id='block_1_2' title="bbox 1178 407 1267 462">
    <p class='ocr_par' dir='ltr' id='par_1_2' title="bbox 1178 407 1267 462">
     <span class='ocr_line' id='line_1_2' title="bbox 1178 407 1267 462; baseline 0.022 -1"><span class='ocrx_word' id='word_1_3' title='bbox 1178 407 1267 462; x_wconf 88' lang='lat' dir='ltr'><strong>IV</strong></span> 
     </span>
    </p>
   </div>
   <div class='ocr_carea' id='block_1_3' title="bbox 225 526 1637 2211">
    <p class='ocr_par' dir='ltr' id='par_1_3' title="bbox 225 526 1637 2211">
     <span class='ocr_line' id='line_1_3' title="bbox 367 526 1591 612; baseline 0.012 -32"><span class='ocrx_word' id='word_1_4' title='bbox 367 526 546 600; x_wconf 86' lang='lat' dir='ltr'><strong>Lupis</strong></span> <span class='ocrx_word' id='word_1_5' title='bbox 593 536 651 584; x_wconf 85' lang='lat' dir='ltr'><strong>et</strong></span> <span class='ocrx_word' id='word_1_6' title='bbox 694 533 850 603; x_wconf 84' lang='lat' dir='ltr'><strong>agnis</strong></span> <span class='ocrx_word' id='word_1_7' title='bbox 895 541 1102 606; x_wconf 86' lang='lat' dir='ltr'><strong>quanta</strong></span> <span class='ocrx_word' id='word_1_8' title='bbox 1144 536 1341 591; x_wconf 82' lang='lat' dir='ltr'><strong>sortito</strong></span> <span class='ocrx_word' id='word_1_9' title='bbox 1388 539 1591 612; x_wconf 85' lang='lat' dir='ltr'><strong>obtigit</strong></span> 
     </span>
     <span class='ocr_line' id='line_1_4' title="bbox 455 617 1291 690; baseline 0.013 -24"><span class='ocrx_word' id='word_1_10' title='bbox 455 621 640 668; x_wconf 88' lang='lat' dir='ltr'><strong>tecum</strong></span> <span class='ocrx_word' id='word_1_11' title='bbox 685 617 820 672; x_wconf 86' lang='lat' dir='ltr'><strong>mihi</strong></span> <span class='ocrx_word' id='word_1_12' title='bbox 865 617 1144 675; x_wconf 82' lang='lat' dir='ltr'><strong>discordia</strong></span> <span class='ocrx_word' id='word_1_13' title='bbox 1187 630 1291 690; x_wconf 86' lang='lat' dir='ltr'><strong>est,</strong></span> 
     </span>
     <span class='ocr_line' id='line_1_5' title="bbox 367 697 1371 773; baseline 0.013 -22"><span class='ocrx_word' id='word_1_14' title='bbox 367 697 649 754; x_wconf 75' lang='lat' dir='ltr'><strong>Hibericis</strong></span> <span class='ocrx_word' id='word_1_15' title='bbox 692 711 914 773; x_wconf 89' lang='lat' dir='ltr'><strong>peruste</strong></span> <span class='ocrx_word' id='word_1_16' title='bbox 958 703 1181 761; x_wconf 85' lang='lat' dir='ltr'><strong>funibus</strong></span> <span class='ocrx_word' id='word_1_17' title='bbox 1225 709 1371 764; x_wconf 89' lang='lat' dir='ltr'><strong>latus</strong></span> 
     </span>
     <span class='ocr_line' id='line_1_6' title="bbox 463 790 1231 865; baseline 0.013 -28"><span class='ocrx_word' id='word_1_18' title='bbox 463 792 518 839; x_wconf 87' lang='lat' dir='ltr'><strong>et</strong></span> <span class='ocrx_word' id='word_1_19' title='bbox 561 801 722 840; x_wconf 87' lang='lat' dir='ltr'><strong>crura</strong></span> <span class='ocrx_word' id='word_1_20' title='bbox 765 790 902 843; x_wconf 88' lang='lat' dir='ltr'><strong>dura</strong></span> <span class='ocrx_word' id='word_1_21' title='bbox 945 793 1231 865; x_wconf 81' lang='lat' dir='ltr'><strong>compede.</strong></span> 
     </span>
     <span class='ocr_line' id='line_1_7' title="bbox 281 868 1408 950; baseline 0.011 -28"><span class='ocrx_word' id='word_1_22' title='bbox 281 872 314 922; x_wconf 84' lang='lat'>5</span> <span class='ocrx_word' id='word_1_23' title='bbox 367 868 502 924; x_wconf 88' lang='lat' dir='ltr'><strong>lieet</strong></span> <span class='ocrx_word' id='word_1_24' title='bbox 543 872 816 943; x_wconf 85' lang='lat' dir='ltr'><strong>superbus</strong></span> <span class='ocrx_word' id='word_1_25' title='bbox 858 876 1105 931; x_wconf 81' lang='lat' dir='ltr'>ambules</span> <span class='ocrx_word' id='word_1_26' title='bbox 1149 879 1408 950; x_wconf 88' lang='lat' dir='ltr'><strong>pecunia,</strong></span> 
     </span>
     <span class='ocr_line' id='line_1_8' title="bbox 453 955 1290 1034; baseline 0.012 -26"><span class='ocrx_word' id='word_1_27' title='bbox 453 955 678 1012; x_wconf 83' lang='lat' dir='ltr'><strong>fortuna</strong></span> <span class='ocrx_word' id='word_1_28' title='bbox 720 977 832 1014; x_wconf 88' lang='lat' dir='ltr'><strong>non</strong></span> <span class='ocrx_word' id='word_1_29' title='bbox 877 968 1054 1014; x_wconf 87' lang='lat' dir='ltr'><strong>mutat</strong></span> <span class='ocrx_word' id='word_1_30' title='bbox 1095 980 1290 1034; x_wconf 85' lang='lat' dir='ltr'><strong>genus.</strong></span> 
     </span>
     <span class='ocr_line' id='line_1_9' title="bbox 365 1038 1467 1109; baseline 0.014 -19"><span class='ocrx_word' id='word_1_31' title='bbox 365 1038 611 1109; x_wconf 81' lang='lat' dir='ltr'><strong>videsne,</strong></span> <span class='ocrx_word' id='word_1_32' title='bbox 659 1061 870 1100; x_wconf 85' lang='lat' dir='ltr'><strong>sacram</strong></span> <span class='ocrx_word' id='word_1_33' title='bbox 913 1045 1177 1103; x_wconf 78' lang='lat' dir='ltr'><strong>metiente</strong></span> <span class='ocrx_word' id='word_1_34' title='bbox 1219 1057 1279 1104; x_wconf 89' lang='lat' dir='ltr'><strong>te</strong></span> <span class='ocrx_word' id='word_1_35' title='bbox 1321 1051 1467 1105; x_wconf 86' lang='lat' dir='ltr'><strong>viam</strong></span> 
     </span>
     <span class='ocr_line' id='line_1_10' title="bbox 455 1128 1409 1208; baseline 0.012 -29"><span class='ocrx_word' id='word_1_36' title='bbox 455 1142 576 1181; x_wconf 88' lang='lat' dir='ltr'><strong>cum</strong></span> <span class='ocrx_word' id='word_1_37' title='bbox 620 1128 707 1183; x_wconf 83' lang='lat' dir='ltr'><strong>bis</strong></span> <span class='ocrx_word' id='word_1_38' title='bbox 749 1129 914 1186; x_wconf 89' lang='lat' dir='ltr'><strong>trium</strong></span> <span class='ocrx_word' id='word_1_39' title='bbox 962 1131 1212 1187; x_wconf 86' lang='lat' dir='ltr'><strong>ulnarum</strong></span> <span class='ocrx_word' id='word_1_40' title='bbox 1259 1142 1409 1208; x_wconf 87' lang='lat' dir='ltr'><strong>toga,</strong></span> 
     </span>
     <span class='ocr_line' id='line_1_11' title="bbox 368 1215 1487 1276; baseline 0.013 -15"><span class='ocrx_word' id='word_1_41' title='bbox 368 1215 430 1262; x_wconf 88' lang='lat' dir='ltr'><strong>ut</strong></span> <span class='ocrx_word' id='word_1_42' title='bbox 474 1228 570 1265; x_wconf 85' lang='lat' dir='ltr'><strong>ora</strong></span> <span class='ocrx_word' id='word_1_43' title='bbox 611 1221 794 1269; x_wconf 83' lang='lat' dir='ltr'><strong>vertat</strong></span> <span class='ocrx_word' id='word_1_44' title='bbox 835 1217 944 1271; x_wconf 87' lang='lat' dir='ltr'><strong>huc</strong></span> <span class='ocrx_word' id='word_1_45' title='bbox 987 1224 1045 1272; x_wconf 92' lang='lat' dir='ltr'><strong>et</strong></span> <span class='ocrx_word' id='word_1_46' title='bbox 1086 1219 1194 1273; x_wconf 90' lang='lat' dir='ltr'><strong>huc</strong></span> <span class='ocrx_word' id='word_1_47' title='bbox 1238 1220 1487 1276; x_wconf 88' lang='lat' dir='ltr'><strong>euntium</strong></span> 
     </span>
     <span class='ocr_line' id='line_1_12' title="bbox 233 1295 1125 1374; baseline 0.01 -26"><span class='ocrx_word' id='word_1_48' title='bbox 233 1297 316 1348; x_wconf 85' lang='lat'><strong>10</strong></span> <span class='ocrx_word' id='word_1_49' title='bbox 450 1295 728 1352; x_wconf 90' lang='lat' dir='ltr'><strong>liberrima</strong></span> <span class='ocrx_word' id='word_1_50' title='bbox 771 1300 1125 1374; x_wconf 81' lang='lat' dir='ltr'><strong>indignatio?</strong></span> 
     </span>
     <span class='ocr_line' id='line_1_13' title="bbox 367 1373 1465 1457; baseline 0.015 -26"><span class='ocrx_word' id='word_1_51' title='bbox 367 1373 573 1436; x_wconf 89' lang='lat' dir='ltr'><strong>‘sectus</strong></span> <span class='ocrx_word' id='word_1_52' title='bbox 621 1385 852 1457; x_wconf 85' lang='lat' dir='ltr'><strong>flagellis</strong></span> <span class='ocrx_word' id='word_1_53' title='bbox 895 1387 986 1441; x_wconf 89' lang='lat' dir='ltr'><strong>hic</strong></span> <span class='ocrx_word' id='word_1_54' title='bbox 1029 1389 1465 1446; x_wconf 82' lang='lat' dir='ltr'><strong>triumviralibus</strong></span> 
     </span>
     <span class='ocr_line' id='line_1_14' title="bbox 447 1469 1173 1536; baseline 0.011 -16"><span class='ocrx_word' id='word_1_55' title='bbox 447 1469 733 1536; x_wconf 86' lang='lat' dir='ltr'><strong>praeconis</strong></span> <span class='ocrx_word' id='word_1_56' title='bbox 778 1473 847 1524; x_wconf 87' lang='lat' dir='ltr'><strong>ad</strong></span> <span class='ocrx_word' id='word_1_57' title='bbox 890 1472 1173 1528; x_wconf 86' lang='lat' dir='ltr'><strong>fastidium</strong></span> 
     </span>
     <span class='ocr_line' id='line_1_15' title="bbox 364 1553 1398 1635; baseline 0.013 -31"><span class='ocrx_word' id='word_1_58' title='bbox 364 1559 484 1604; x_wconf 87' lang='lat' dir='ltr'><strong>arat</strong></span> <span class='ocrx_word' id='word_1_59' title='bbox 525 1553 750 1609; x_wconf 77' lang='lat' dir='ltr'><strong>Falerni</strong></span> <span class='ocrx_word' id='word_1_60' title='bbox 791 1555 944 1611; x_wconf 86' lang='lat' dir='ltr'><strong>mille</strong></span> <span class='ocrx_word' id='word_1_61' title='bbox 985 1558 1143 1613; x_wconf 86' lang='lat' dir='ltr'><strong>fundi</strong></span> <span class='ocrx_word' id='word_1_62' title='bbox 1185 1560 1398 1635; x_wconf 86' lang='lat' dir='ltr'><strong>iugera,</strong></span> 
     </span>
     <span class='ocr_line' id='line_1_16' title="bbox 449 1638 1241 1714; baseline 0.011 -23"><span class='ocrx_word' id='word_1_63' title='bbox 449 1647 506 1692; x_wconf 88' lang='lat' dir='ltr'><strong>et</strong></span> <span class='ocrx_word' id='word_1_64' title='bbox 548 1638 789 1712; x_wconf 83' lang='lat' dir='ltr'><strong>Appiam</strong></span> <span class='ocrx_word' id='word_1_65' title='bbox 833 1643 1045 1698; x_wconf 86' lang='lat' dir='ltr'><strong>mannis</strong></span> <span class='ocrx_word' id='word_1_66' title='bbox 1089 1645 1241 1714; x_wconf 89' lang='lat' dir='ltr'><strong>terit,</strong></span> 
     </span>
     <span class='ocr_line' id='line_1_17' title="bbox 231 1724 1575 1806; baseline 0.007 -26"><span class='ocrx_word' id='word_1_67' title='bbox 231 1731 310 1780; x_wconf 87' lang='lat'><strong>15</strong></span> <span class='ocrx_word' id='word_1_68' title='bbox 361 1724 739 1798; x_wconf 82' lang='lat' dir='ltr'><strong>sedilibusque</strong></span> <span class='ocrx_word' id='word_1_69' title='bbox 783 1745 1014 1799; x_wconf 87' lang='lat' dir='ltr'><strong>magnus</strong></span> <span class='ocrx_word' id='word_1_70' title='bbox 1059 1729 1118 1783; x_wconf 90' lang='lat' dir='ltr'><strong>in</strong></span> <span class='ocrx_word' id='word_1_71' title='bbox 1162 1731 1357 1803; x_wconf 85' lang='lat' dir='ltr'><strong>primis</strong></span> <span class='ocrx_word' id='word_1_72' title='bbox 1403 1752 1575 1806; x_wconf 87' lang='lat' dir='ltr'><strong>eques</strong></span> 
     </span>
     <span class='ocr_line' id='line_1_18' title="bbox 445 1810 1253 1884; baseline 0.005 -18"><span class='ocrx_word' id='word_1_73' title='bbox 445 1810 670 1866; x_wconf 88' lang='lat' dir='ltr'><strong>Othone</strong></span> <span class='ocrx_word' id='word_1_74' title='bbox 715 1819 1032 1884; x_wconf 88' lang='lat' dir='ltr'><strong>contempto</strong></span> <span class='ocrx_word' id='word_1_75' title='bbox 1079 1817 1253 1871; x_wconf 88' lang='lat' dir='ltr'><strong>sedet.</strong></span> 
     </span>
     <span class='ocr_line' id='line_1_19' title="bbox 359 1895 1489 1976; baseline 0.009 -27"><span class='ocrx_word' id='word_1_76' title='bbox 359 1895 494 1968; x_wconf 89' lang='lat' dir='ltr'><strong>quid</strong></span> <span class='ocrx_word' id='word_1_77' title='bbox 539 1895 750 1951; x_wconf 87' lang='lat' dir='ltr'><strong>adtinet</strong></span> <span class='ocrx_word' id='word_1_78' title='bbox 793 1904 878 1952; x_wconf 90' lang='lat' dir='ltr'><strong>tot</strong></span> <span class='ocrx_word' id='word_1_79' title='bbox 922 1916 1018 1953; x_wconf 91' lang='lat' dir='ltr'><strong>ora</strong></span> <span class='ocrx_word' id='word_1_80' title='bbox 1061 1901 1287 1956; x_wconf 83' lang='lat' dir='ltr'><strong>navium</strong></span> <span class='ocrx_word' id='word_1_81' title='bbox 1330 1905 1489 1976; x_wconf 82' lang='lat' dir='ltr'><strong>gravi</strong></span> 
     </span>
     <span class='ocr_line' id='line_1_20' title="bbox 446 1981 1146 2055; baseline 0.007 -20"><span class='ocrx_word' id='word_1_82' title='bbox 446 1989 685 2036; x_wconf 85' lang='lat' dir='ltr'><strong>rostrata</strong></span> <span class='ocrx_word' id='word_1_83' title='bbox 730 1981 856 2036; x_wconf 88' lang='lat' dir='ltr'><strong>duci</strong></span> <span class='ocrx_word' id='word_1_84' title='bbox 899 1985 1146 2055; x_wconf 88' lang='lat' dir='ltr'><strong>pondere</strong></span> 
     </span>
     <span class='ocr_line' id='line_1_21' title="bbox 358 2066 1637 2144; baseline 0.007 -22"><span class='ocrx_word' id='word_1_85' title='bbox 358 2075 550 2122; x_wconf 87' lang='lat' dir='ltr'><strong>contra</strong></span> <span class='ocrx_word' id='word_1_86' title='bbox 592 2066 836 2121; x_wconf 85' lang='lat' dir='ltr'><strong>latrones</strong></span> <span class='ocrx_word' id='word_1_87' title='bbox 882 2077 1050 2142; x_wconf 86' lang='lat' dir='ltr'><strong>atque</strong></span> <span class='ocrx_word' id='word_1_88' title='bbox 1095 2071 1354 2127; x_wconf 86' lang='lat' dir='ltr'><strong>servilem</strong></span> <span class='ocrx_word' id='word_1_89' title='bbox 1399 2093 1637 2144; x_wconf 84' lang='lat' dir='ltr'><strong>manum,</strong></span> 
     </span>
     <span class='ocr_line' id='line_1_22' title="bbox 225 2151 1307 2211; baseline 0.005 -5"><span class='ocrx_word' id='word_1_90' title='bbox 225 2157 306 2207; x_wconf 88' lang='grc'><strong>20</strong></span> <span class='ocrx_word' id='word_1_91' title='bbox 440 2154 547 2207; x_wconf 85' lang='lat' dir='ltr'><strong>hoc</strong></span> <span class='ocrx_word' id='word_1_92' title='bbox 588 2151 963 2208; x_wconf 74' lang='lat' dir='ltr'><strong>hoc&#39;tribuno</strong></span> <span class='ocrx_word' id='word_1_93' title='bbox 1009 2154 1247 2211; x_wconf 85' lang='lat' dir='ltr'><strong>militum</strong></span> <span class='ocrx_word' id='word_1_94' title='bbox 1263 2157 1307 2210; x_wconf 74' lang='lat' dir='ltr'><strong>‘P’</strong></span> 
     </span>
    </p>
   </div>
   <div class='ocr_carea' id='block_1_4' title="bbox 996 2290 1401 2303">
    <p class='ocr_par' dir='ltr' id='par_1_4' title="bbox 996 2290 1401 2303">
     <span class='ocr_line' id='line_1_23' title="bbox 996 2290 1401 2303; baseline 0 1656"><span class='ocrx_word' id='word_1_95' title='bbox 996 2290 1401 2303; x_wconf 95' lang='lat' dir='ltr'><strong> </strong></span> 
     </span>
    </p>
   </div>
   <div class='ocr_carea' id='block_1_5' title="bbox 1201 2414 1259 2468">
    <p class='ocr_par' dir='ltr' id='par_1_5' title="bbox 1201 2414 1259 2468">
     <span class='ocr_line' id='line_1_24' title="bbox 1201 2414 1259 2468; baseline 0 0"><span class='ocrx_word' id='word_1_96' title='bbox 1201 2414 1259 2468; x_wconf 90' lang='lat' dir='ltr'>V</span> 
     </span>
    </p>
   </div>
   <div class='ocr_carea' id='block_1_6' title="bbox 223 2535 1713 3556">
    <p class='ocr_par' dir='ltr' id='par_1_6' title="bbox 223 2535 1713 3556">
     <span class='ocr_line' id='line_1_25' title="bbox 354 2535 1637 2620; baseline 0.009 -28"><span class='ocrx_word' id='word_1_97' title='bbox 354 2535 474 2606; x_wconf 81' lang='lat' dir='ltr'><strong>‘At,</strong></span> <span class='ocrx_word' id='word_1_98' title='bbox 521 2555 554 2593; x_wconf 97' lang='lat' dir='ltr'><strong>o</strong></span> <span class='ocrx_word' id='word_1_99' title='bbox 599 2539 828 2594; x_wconf 77' lang='lat' dir='ltr'><strong>deorum</strong></span> <span class='ocrx_word' id='word_1_100' title='bbox 871 2540 1145 2613; x_wconf 87' lang='lat' dir='ltr'><strong>quidquid</strong></span> <span class='ocrx_word' id='word_1_101' title='bbox 1188 2542 1249 2597; x_wconf 89' lang='lat' dir='ltr'><strong>in</strong></span> <span class='ocrx_word' id='word_1_102' title='bbox 1292 2545 1447 2600; x_wconf 87' lang='lat' dir='ltr'><strong>caelo</strong></span> <span class='ocrx_word' id='word_1_103' title='bbox 1490 2547 1637 2620; x_wconf 83' lang='lat' dir='ltr'><strong>regit</strong></span> 
     </span>
     <span class='ocr_line' id='line_1_26' title="bbox 435 2625 1293 2700; baseline 0.009 -24"><span class='ocrx_word' id='word_1_104' title='bbox 435 2631 612 2678; x_wconf 87' lang='lat' dir='ltr'><strong>terras</strong></span> <span class='ocrx_word' id='word_1_105' title='bbox 655 2633 712 2678; x_wconf 87' lang='lat' dir='ltr'><strong>et</strong></span> <span class='ocrx_word' id='word_1_106' title='bbox 753 2625 1052 2680; x_wconf 86' lang='lat' dir='ltr'><strong>humanum</strong></span> <span class='ocrx_word' id='word_1_107' title='bbox 1095 2645 1293 2700; x_wconf 87' lang='lat' dir='ltr'><strong>genus,</strong></span> 
     </span>
     <span class='ocr_line' id='line_1_27' title="bbox 351 2709 1713 2788; baseline 0.007 -25"><span class='ocrx_word' id='word_1_108' title='bbox 351 2709 486 2781; x_wconf 86' lang='lat' dir='ltr'><strong>quid</strong></span> <span class='ocrx_word' id='word_1_109' title='bbox 529 2709 636 2765; x_wconf 82' lang='lat' dir='ltr'><strong>iste</strong></span> <span class='ocrx_word' id='word_1_110' title='bbox 678 2711 786 2766; x_wconf 83' lang='lat' dir='ltr'><strong>fert</strong></span> <span class='ocrx_word' id='word_1_111' title='bbox 830 2712 1142 2768; x_wconf 78' lang='lat' dir='ltr'><strong>tumultus?</strong></span> <span class='ocrx_word' id='word_1_112' title='bbox 1189 2722 1247 2769; x_wconf 90' lang='lat' dir='ltr'><strong>et</strong></span> <span class='ocrx_word' id='word_1_113' title='bbox 1291 2715 1425 2788; x_wconf 86' lang='lat' dir='ltr'><strong>quid</strong></span> <span class='ocrx_word' id='word_1_114' title='bbox 1470 2717 1713 2772; x_wconf 87' lang='lat' dir='ltr'><strong>omnium</strong></span> 
     </span>
     <span class='ocr_line' id='line_1_28' title="bbox 441 2795 1341 2856; baseline 0.007 -8"><span class='ocrx_word' id='word_1_115' title='bbox 441 2795 624 2851; x_wconf 82' lang='lat' dir='ltr'><strong>voltus</strong></span> <span class='ocrx_word' id='word_1_116' title='bbox 666 2795 725 2849; x_wconf 86' lang='lat' dir='ltr'><strong>in</strong></span> <span class='ocrx_word' id='word_1_117' title='bbox 771 2815 941 2851; x_wconf 89' lang='lat' dir='ltr'><strong>unum</strong></span> <span class='ocrx_word' id='word_1_118' title='bbox 983 2814 1072 2851; x_wconf 88' lang='lat' dir='ltr'><strong>me</strong></span> <span class='ocrx_word' id='word_1_119' title='bbox 1115 2801 1341 2856; x_wconf 79' lang='lat' dir='ltr'><strong>truces?</strong></span> 
     </span>
     <span class='ocr_line' id='line_1_29' title="bbox 275 2881 1459 2958; baseline 0.005 -24"><span class='ocrx_word' id='word_1_120' title='bbox 275 2885 306 2934; x_wconf 88' lang='lat'>5</span> <span class='ocrx_word' id='word_1_121' title='bbox 357 2898 458 2953; x_wconf 83' lang='lat' dir='ltr'><strong>per</strong></span> <span class='ocrx_word' id='word_1_122' title='bbox 498 2881 702 2936; x_wconf 88' lang='lat' dir='ltr'><strong>liberos</strong></span> <span class='ocrx_word' id='word_1_123' title='bbox 747 2889 820 2946; x_wconf 80' lang='lat' dir='ltr'><strong>te,</strong></span> <span class='ocrx_word' id='word_1_124' title='bbox 866 2881 912 2937; x_wconf 91' lang='lat' dir='ltr'><strong>si</strong></span> <span class='ocrx_word' id='word_1_125' title='bbox 955 2892 1146 2940; x_wconf 85' lang='lat' dir='ltr'><strong>vocata</strong></span> <span class='ocrx_word' id='word_1_126' title='bbox 1191 2889 1459 2958; x_wconf 86' lang='lat' dir='ltr'><strong>partubus</strong></span> 
     </span>
     <span class='ocr_line' id='line_1_30' title="bbox 440 2965 1078 3037; baseline 0.006 -17"><span class='ocrx_word' id='word_1_127' title='bbox 440 2965 654 3021; x_wconf 87' lang='lat' dir='ltr'><strong>Lucina</strong></span> <span class='ocrx_word' id='word_1_128' title='bbox 696 2967 840 3022; x_wconf 82' lang='lat' dir='ltr'><strong>veris</strong></span> <span class='ocrx_word' id='word_1_129' title='bbox 885 2968 1078 3037; x_wconf 84' lang='lat' dir='ltr'><strong>adfuit,</strong></span> 
     </span>
     <span class='ocr_line' id='line_1_31' title="bbox 352 3051 1602 3130; baseline 0.007 -25"><span class='ocrx_word' id='word_1_130' title='bbox 352 3067 454 3122; x_wconf 90' lang='lat' dir='ltr'><strong>per</strong></span> <span class='ocrx_word' id='word_1_131' title='bbox 494 3052 601 3107; x_wconf 87' lang='lat' dir='ltr'><strong>hoc</strong></span> <span class='ocrx_word' id='word_1_132' title='bbox 643 3051 807 3106; x_wconf 90' lang='lat' dir='ltr'><strong>inane</strong></span> <span class='ocrx_word' id='word_1_133' title='bbox 850 3072 1128 3126; x_wconf 88' lang='lat' dir='ltr'><strong>purpurae</strong></span> <span class='ocrx_word' id='word_1_134' title='bbox 1173 3058 1342 3112; x_wconf 86' lang='lat' dir='ltr'><strong>decus</strong></span> <span class='ocrx_word' id='word_1_135' title='bbox 1385 3077 1602 3130; x_wconf 82' lang='lat' dir='ltr'><strong>precor,</strong></span> 
     </span>
     <span class='ocr_line' id='line_1_32' title="bbox 436 3138 1428 3211; baseline 0.006 -21"><span class='ocrx_word' id='word_1_136' title='bbox 436 3154 537 3208; x_wconf 91' lang='lat' dir='ltr'><strong>per</strong></span> <span class='ocrx_word' id='word_1_137' title='bbox 579 3138 998 3210; x_wconf 85' lang='lat' dir='ltr'><strong>inprobaturum</strong></span> <span class='ocrx_word' id='word_1_138' title='bbox 1041 3140 1178 3196; x_wconf 88' lang='lat' dir='ltr'><strong>haec</strong></span> <span class='ocrx_word' id='word_1_139' title='bbox 1219 3143 1428 3211; x_wconf 83' lang='lat' dir='ltr'><strong>Iovem,</strong></span> 
     </span>
     <span class='ocr_line' id='line_1_33' title="bbox 352 3221 1546 3293; baseline 0.007 -18"><span class='ocrx_word' id='word_1_140' title='bbox 352 3221 484 3293; x_wconf 87' lang='lat' dir='ltr'><strong>quid</strong></span> <span class='ocrx_word' id='word_1_141' title='bbox 528 3230 592 3277; x_wconf 90' lang='lat' dir='ltr'><strong>ut</strong></span> <span class='ocrx_word' id='word_1_142' title='bbox 634 3241 874 3278; x_wconf 86' lang='lat' dir='ltr'><strong>noverca</strong></span> <span class='ocrx_word' id='word_1_143' title='bbox 916 3243 1004 3280; x_wconf 93' lang='lat' dir='ltr'><strong>me</strong></span> <span class='ocrx_word' id='word_1_144' title='bbox 1048 3226 1280 3283; x_wconf 87' lang='lat' dir='ltr'><strong>intueris</strong></span> <span class='ocrx_word' id='word_1_145' title='bbox 1326 3237 1422 3284; x_wconf 86' lang='lat' dir='ltr'><strong>aut</strong></span> <span class='ocrx_word' id='word_1_146' title='bbox 1464 3230 1546 3283; x_wconf 90' lang='lat' dir='ltr'><strong>uti</strong></span> 
     </span>
     <span class='ocr_line' id='line_1_34' title="bbox 223 3302 1065 3380; baseline 0.005 -20"><span class='ocrx_word' id='word_1_147' title='bbox 223 3313 250 3360; x_wconf 92' lang='lat'>1</span> <span class='ocrx_word' id='word_1_148' title='bbox 266 3309 302 3361; x_wconf 86' lang='lat'>0</span> <span class='ocrx_word' id='word_1_149' title='bbox 435 3307 611 3380; x_wconf 81' lang='lat' dir='ltr'><strong>petita</strong></span> <span class='ocrx_word' id='word_1_150' title='bbox 651 3309 799 3364; x_wconf 83' lang='lat' dir='ltr'><strong>ferro</strong></span> <span class='ocrx_word' id='word_1_151' title='bbox 843 3310 1008 3365; x_wconf 90' lang='lat' dir='ltr'><strong>belua</strong></span> <span class='ocrx_word' id='word_1_152' title='bbox 1018 3302 1065 3364; x_wconf 81' lang='lat'><strong>?&#39;</strong></span> 
     </span>
     <span class='ocr_line' id='line_1_35' title="bbox 347 3393 1622 3468; baseline 0.007 -23"><span class='ocrx_word' id='word_1_153' title='bbox 347 3400 411 3446; x_wconf 91' lang='lat' dir='ltr'><strong>ut</strong></span> <span class='ocrx_word' id='word_1_154' title='bbox 452 3393 592 3448; x_wconf 85' lang='lat' dir='ltr'><strong>haec</strong></span> <span class='ocrx_word' id='word_1_155' title='bbox 633 3401 906 3451; x_wconf 86' lang='lat' dir='ltr'><strong>tremente</strong></span> <span class='ocrx_word' id='word_1_156' title='bbox 953 3406 1180 3468; x_wconf 86' lang='lat' dir='ltr'><strong>questus</strong></span> <span class='ocrx_word' id='word_1_157' title='bbox 1225 3417 1325 3454; x_wconf 89' lang='lat' dir='ltr'><strong>ore</strong></span> <span class='ocrx_word' id='word_1_158' title='bbox 1369 3398 1622 3454; x_wconf 85' lang='lat' dir='ltr'><strong>constitit</strong></span> 
     </span>
     <span class='ocr_line' id='line_1_36' title="bbox 431 3479 1155 3556; baseline 0.007 -25"><span class='ocrx_word' id='word_1_159' title='bbox 431 3479 737 3551; x_wconf 79' lang='lat' dir='ltr'><strong>insignibus</strong></span> <span class='ocrx_word' id='word_1_160' title='bbox 780 3481 953 3555; x_wconf 87' lang='lat' dir='ltr'><strong>raptis</strong></span> <span class='ocrx_word' id='word_1_161' title='bbox 995 3502 1155 3556; x_wconf 77' lang='lat' dir='ltr'><strong>puer,</strong></span> 
     </span>
    </p>
   </div>
   <div class='ocr_carea' id='block_1_7' title="bbox 2072 257 2199 320">
    <p class='ocr_par' dir='ltr' id='par_1_7' title="bbox 2072 257 2199 320">
     <span class='ocr_line' id='line_1_37' title="bbox 2072 257 2199 320; baseline 0 -1"><span class='ocrx_word' id='word_1_162' title='bbox 2072 257 2199 320; x_wconf 81' lang='lat' dir='ltr'><strong>llo</strong></span> 
     </span>
    </p>
   </div>
  </div>
 </body>
</html>
