2459 3959
861 295 1014 354 LIB.
1046 295 1160 353 III.
1210 295 1455 354 15—1?

145 454 256 508 25
304 456 660 521 contemptae
704 447 962 506 dominus
1005 450 1361 524 splendidior
1402 443 1509 514 roi,

307 553 478 608 quam
521 532 568 590 si
610 534 886 608 quidquid
927 546 1048 592 arat
1090 536 1313 608 inpiger
1355 529 1617 606 Appulus

393 619 670 677 occultare
712 619 850 677 meis
895 621 1119 678 dicerer
1159 621 1398 687 horreis,

478 723 708 780 magnas
747 705 896 764 inter
937 725 1071 782 opes
1115 707 1303 780 inops.

302 884 481 939 purae
522 867 675 924 rivus
719 887 898 942 aquae
943 869 1194 943 silvaque
1238 868 1494 942 iugerum

161 955 259 1012 80
309 970 612 1026 paucorum
654 963 710 1011 et
741 955 946 1029 segetis
990 963 1144 1012 certa
1185 955 1327 1010 fides
1369 969 1527 1010 meae

397 1037 707 1111 fulgentem
748 1040 980 1114 imperio
1023 1039 1224 1097 fertilis
1270 1039 1493 1096 Africae

478 1125 626 1180 fallit
667 1135 820 1183 sorte
861 1127 1098 1183 beatior.

301 1307 621 1364 quanquam
663 1309 769 1347 nec
812 1291 1081 1348 Calabrae
1125 1290 1293 1346 mella
1336 1290 1525 1344 ferunt
1569 1304 1723 1361 apes,

303 1393 410 1432 nec
450 1376 856 1449 Laestrygonia
895 1377 1152 1432 Bacchus
1196 1376 1257 1431 in
1301 1376 1571 1448 amphora

164 1461 256 1516 ⁸5
393 1461 712 1535 languescit
754 1462 908 1531 mihi,
953 1481 1058 1519 nec
1098 1461 1331 1536 pinguia
1376 1459 1607 1518 Gallicis

479 1554 738 1604 crescunt
778 1548 990 1604 vellera
1032 1547 1284 1622 pascuis,

307 1707 609 1783 inportuna
651 1718 837 1765 tamen
877 1710 1172 1785 pauperies
1215 1712 1395 1778 abest,

309 1812 435 1865 nec,
481 1795 529 1851 si
572 1796 734 1868 plura
776 1795 963 1864 velim,
1007 1804 1070 1851 tu
1113 1793 1249 1852 dare
1296 1797 1555 1868 deneges.

399 1888 690 1938 contracto
732 1880 928 1937 melius
972 1901 1146 1954 parva
1187 1881 1450 1956 cupidine

174 1967 266 2022 40
485 1966 778 2040 vectigalia
819 1967 1120 2042 porrigam,

307 2147 476 2205 qnam
519 2129 568 2186 si
608 2129 932 2203 Mygdoniis
975 2147 1207 2204 regnum
1252 2128 1501 2201 Alyattei

312 2215 527 2288 campis
573 2215 916 2272 continuem.
959 2216 1138 2271 multa
1179 2214 1503 2289 petentibus

403 2303 608 2358 desunt
641 2301 852 2357 multa:
896 2302 1040 2357 bene
1083 2308 1190 2369 est,
1234 2299 1325 2356 cui
1367 2301 1505 2357 deus
1546 2300 1751 2356 obtulit

489 2403 657 2460 parca
697 2388 850 2460 quod
893 2387 1030 2443 satis
1074 2394 1161 2442 est
1203 2403 1393 2441 manu.

1045 2687 1224 2744 XVII

316 2852 451 2908 Aeli
491 2858 714 2908 vetusto
757 2850 964 2907 nobilis
1008 2853 1080 2907 ab
1121 2851 1316 2916 Lamo,

318 2935 570 3012 [quando
615 2945 673 2994 et
714 2936 934 3010 priores
975 2936 1108 2992 hinc
1147 2935 1373 2992 Lamias
1410 2935 1607 2994 ferunt

403 3021 792 3080 denominatos
839 3029 898 3078 et
939 3031 1205 3095 nepotum

490 3126 592 3183 per
633 3125 906 3164 memores
951 3126 1128 3182 genus
1175 3124 1339 3163 omne
1382 3106 1583 3173 fastus,

237 3277 274 3331 δ
323 3279 554 3330 auctore
595 3273 668 3329 ab
709 3273 808 3330 illo
851 3272 1008 3328 ducis
1054 3267 1378 3345 originem,]

322 3357 421 3432 qui
462 3358 812 3416 Formiarum
851 3357 1079 3416 moenia
1117 3357 1327 3412 dicitur

403 3443 662 3519 princeps
707 3452 768 3501 et
809 3443 1099 3500 innantem
1141 3441 1389 3498 Maricae

488 3529 746 3588 litoribus
788 3529 1036 3586 tenuisse
1078 3527 1258 3584 Lirim
