2459 3959
911 247 1058 304 LIB.
1105 251 1215 308 111.
1268 255 1341 306 28
1354 251 1472 298 -2
1485 250 1517 298 4

351 401 470 457 dos
515 409 604 458 est
646 419 845 474 magns
888 401 1200 473 parentium

452 486 630 544 virtus
673 495 734 542 et
773 493 1028 544 metuens
1071 488 1301 546 alterius
1347 487 1455 544 viri

351 581 520 629 certo
563 573 794 630 foedere
837 572 1078 640 castitas,

455 667 514 714 et
556 675 786 731 peccare
831 658 988 717 nefas
1031 667 1130 716 aut
1173 658 1415 734 pretium
1458 667 1545 714 est
1590 657 1750 716 mor-i.

199 812 290 862 25
355 824 398 860 ο
449 802 706 877 quisquis
750 802 905 858 volet
950 803 1128 876 inpias

455 888 642 945 caedis
687 898 745 944 et
786 888 997 944 rabiem
1043 888 1240 945 tollere
1285 888 1533 960 civicam,

363 975 422 1030 si
468 982 699 1046 quaeret
743 973 920 1048 ‘pater
961 974 1196 1030 urbium'

458 1059 730 1114 subscribi
774 1060 991 1127 statuis,
1038 1060 1362 1117 indomitam
1404 1063 1607 1117 audeat

351 1207 644 1263 refrenare
689 1206 968 1262 licentiam

209 1293 300 1348 80
451 1293 633 1347 clarus
675 1301 804 1363 post
846 1291 1086 1363 genitis:
1133 1303 1425 1365 quatenus,
1464 1293 1579 1348 heu
1624 1294 1798 1364 nefas,

364 1377 633 1433 virtutem
676 1377 1007 1432 incolumem
1053 1378 1289 1444 odim'us,

452 1463 726 1518 sublatam
771 1482 844 1518 ex
887 1463 1062 1519 oculis
1107 1464 1423 1536 quaerimus
1468 1463 1662 1519 invidi.

363 1609 504 1682 quid
547 1608 734 1665 tristes
780 1610 1173 1683 querimoniae,

451 1695 500 1750 si
541 1713 653 1750 uon
699 1695 970 1769 supplicio
1014 1697 1178 1771 culpa
1218 1695 1503 1764 reciditur,

221 1786 304 1836 35
363 1779 499 1852 quid
543 1780 694 1855 leges
737 1781 859 1838 sine
902 1781 1147 1836 moribus

449 1883 622 1922 vanae
664 1866 981 1939 proficiunt,
1027 1867 1073 1922 si
1116 1885 1299 1940 neque
1344 1867 1573 1923 fervidis

361 2039 491 2094 pars
535 2015 748 2074 inclusa
790 2012 1064 2068 caloribus

448 2101 640 2159 mundi
683 2117 788 2155 nec
831 2101 1034 2154 boreae
1077 2099 1374 2158 finitimum
1417 2101 1563 2156 latus

365 2193 710 2260 durataeque
755 2184 874 2240 solo
919 2185 1077 2240 nives

227 2283 312 2334 40
448 2280 810 2330 mercatorem
853 2271 1102 2343 abigunt,
1148 2272 1379 2327 horrida
1422 2271 1609 2327 callidi

360 2421 593 2478 vincunt
635 2435 879 2492 aequora
921 2417 1162 2486 navitae,

448 2525 708 2580 magnum
751 2503 1046 2576 pauperies
1093 2502 1453 2576 opprobrium
1496 2502 1651 2558 iubet

359 2592 584 2667 quidvis
631 2599 688 2646 et
730 2590 914 2645 facere
959 2597 1016 2643 et
1057 2587 1195 2659 pati,

449 2676 786 2749 virtutisque
831 2673 981 2728 viam
1026 2673 1235 2728 deserit
1278 2673 1529 2728 arduae?

235 2832 312 2883 45
365 2824 457 2880 vel
502 2840 602 2878 uos
647 2820 704 2874 in
749 2817 1098 2892 Capitolium,

451 2926 564 2981 quo
610 2907 816 2964 clamor
859 2913 1026 2960 vocat
1068 2911 1127 2959 et
1171 2906 1337 2960 turba
1374 2904 1700 2972 faventium,

360 2994 454 3050 vel
498 3010 598 3048 nos
643 2991 700 3046 in
745 3009 896 3046 mare
940 2990 1255 3062 proximum

447 3095 692 3153 gemmas
737 3086 796 3132 et
835 3076 1049 3148 lapides
1093 3094 1291 3132 aurum
1334 3082 1395 3130 et
1436 3075 1651 3142 inutile,

363 3224 563 3282 summi
606 3223 890 3279 materiem
935 3221 1088 3290 mali,

238 3320 314 3372 50
450 3308 750 3377 mittamus,
795 3309 1064 3364 scelerum
1111 3309 1158 3364 si
1200 3311 1346 3364 bene
1384 3307 1661 3380 paenitet.

363 3396 648 3453 eradenda
693 3393 968 3468 cupidinis

445 3480 606 3555 pravi
651 3490 781 3536 sunt
824 3480 1114 3549 elementa,
1163 3489 1221 3536 et
1264 3487 1489 3536 tenerae
1546 3481 1708 3536 nimis
