2459 3959
297 235 384 298 88
1063 231 1484 294 CARMINVM

1231 417 1319 473 VI

426 566 680 640 Septimi,
729 565 900 622 Gadis
945 565 1161 621 aditure
1206 584 1417 620 meeum
1463 573 1521 621 et

429 653 765 709 Cantabrum
808 652 1094 707 indoctum
1137 651 1269 722 iuga
1310 652 1456 707 ferre
1500 658 1691 706 nostra
1736 659 1797 705 et

423 740 686 795 barbaras
731 737 908 809 Syrtis
952 736 1050 791 ubi
1091 738 1289 791 Maura
1331 754 1550 809 semper

513 831 732 879 aestuat
773 824 947 877 unda:
1069 827 1076 836 '

344 961 375 1010 5
423 953 604 1035 Tipur
644 953 833 1024 Argeo
876 950 1119 1024 positum
1163 951 1360 1007 colono

425 1040 498 1094 sit
539 1057 695 1094 meae
739 1039 896 1092 sedes
941 1037 1150 1090 utinam
1194 1046 1469 1103 senectae,

426 1124 499 1180 sit
543 1126 739 1178 <lomus
783 1124 928 1177 lasso
973 1122 1138 1176 maris
1187 1130 1246 1177 et
1288 1121 1499 1176 viarum

509 1209 868 1281 militiaeque.

423 1340 572 1393 unde
616 1336 665 1392 si
705 1337 914 1392 Pareae
957 1335 1256 1409 prohibent
1297 1336 1540 1409 iniquae,

303 1432 376 1481 10
425 1424 588 1478 dulce
631 1422 839 1495 pellitis
884 1422 1077 1477 ovibus
1123 1421 1345 1478 Galaesi

428 1512 633 1565 flumen
677 1516 734 1563 et
776 1517 1006 1579 regnata
1048 1518 1236 1581 petam
1278 1506 1488 1562 Laconi

509 1613 641 1648 rura
681 1594 1015 1649 Phalantho.

423 1724 516 1779 ille
559 1731 831 1778 terrarum
873 1721 1008 1776 mihi
1048 1729 1271 1794 praeter
1314 1721 1490 1776 omnis

427 1810 662 1882 angulus
704 1807 870 1873 ridet,
914 1805 1011 1860 ubi
1053 1826 1164 1860 non
1207 1807 1477 1878 Hymetto

307 1902 379 1952 15
427 1895 590 1950 mella
631 1894 908 1948 decedunt
949 1890 1224 1963 viridique
1268 1899 1440 1948 certat

518 1981 656 2034 baca
700 1978 962 2045 Venafr0‚

427 2127 525 2164 ver
567 2106 662 2162 ubi
706 2107 930 2177 longum
973 2105 1300 2178 tepidasque
1343 2108 1581 2178 praebet

424 2193 680 2265 Iuppiter
725 2193 960 2258 brumas,
1006 2202 1062 2246 et
1107 2193 1325 2264 apricus
1369 2193 1556 2246 Aulon

427 2279 624 2334 fertilis
667 2277 888 2331 Baccho
932 2276 1218 2332 minimum
1264 2278 1516 2332 Falernis

305 2371 380 2420 20
513 2363 726 2417 invidet
768 2361 910 2417 uvis.

425 2492 523 2546 ille
565 2499 622 2546 te
666 2508 879 2544 mecum
920 2491 1072 2544 locus
1117 2498 1173 2545 et
1213 2493 1410 2545 beatae

425 2577 711 2650 postulant
755 2594 926 2642 aroeS‚
973 2575 1052 2629 ibi
1095 2583 1157 2629 tu
1203 2577 1477 2630 calentem

429 2663 614 2718 debita
656 2679 883 2732 sparges
927 2659 1154 2716 lacrima
1195 2661 1439 2716 favillam

515 2747 657 2804 vatis
704 2745 880 2801 amici.

1224 3067 1343 3123 VII

430 3221 480 3276 Ο
526 3239 691 3293 saepe
735 3239 950 3276 meeum
993 3231 1210 3294 tempus
1254 3221 1311 3274 in
1354 3221 1611 3278 ultimum

430 3307 670 3361 deducte
713 3307 889 3362 Bruto
933 3307 1165 3361 militiae
1212 3307 1371 3374 duee,

511 3392 634 3464 quis
678 3400 734 3446 te
778 3393 1071 3447 redonavit
1113 3390 1390 3458 Quirizem

597 3477 682 3532 dis
723 3477 916 3550 patriis
960 3477 1212 3550 Italoque
1256 3477 1428 3545 cae10‚
