2459 3959
220 496 301 547 85

222 923 302 973 90

222 1350 301 1401 95

179 1779 301 1830 100

178 2206 297 2256 105

115 2602 121 2610 “
171 2632 292 2682 110

174 3060 294 3111 115

178 3490 297 3543 120

940 338 1177 394 LIBER
1216 340 1298 395 ΙΙ.
1349 344 1380 393 2
2007 332 2132 398 241

352 490 616 547 fluctibus
659 492 717 547 in
762 492 963 547 mediis
1008 501 1069 547 et
1112 494 1538 566 tempestatibus
1583 494 1734 549 urbis

354 578 528 632 verba
568 578 722 649 lyrae
765 586 983 633 motura
1026 598 1221 634 sonum
1267 588 1554 635 conectere
1599 580 1834 653 digner?

351 662 529 717 frater
571 672 692 719 erat
733 664 945 719 Romae
988 664 1231 719 consulti
1273 666 1482 735 rhetor,
1525 675 1742 737 uterque

353 749 581 803 alterius·
624 751 842 803 laudum
882 752 965 805 sic
1006 751 1325 818 admirator,
1370 759 1436 805 ut
1476 751 1618 807 alter

353 833 583 889 alterius
628 852 884 890 sermone
928 850 1109 891 meros
1152 835 1375 891 audiret
1415 838 1675 903 honores,

352 916 635 974 Gracchus
680 928 747 975 ut
786 921 881 975 hic
922 920 1029 988 illi,
1070 922 1219 977 foret
1263 922 1392 977 huic
1433 930 1496 977 ut
1539 921 1758 977 Mucius
1803 920 1916 977 ille.

355 1004 454 1075 qui
493 1004 675 1061 minus
718 1014 945 1077 argutos
989 1015 1159 1062 vexat
1199 1007 1356 1062 furor
1399 1007 1506 1062 iste
1547 1007 1778 1079 poetas?

354 1089 600 1145 earmina
644 1108 919 1163 conpono,
962 1092 1054 1146 hic
1098 1094 1313 1163 elegos,
1357 1092 1613 1147 mirabile
1657 1092 1778 1148 visu

354 1176 739 1249 caelatumque
782 1195 983 1231 novem
1028 1177 1207 1233 Musis
1253 1179 1418 1251 opus!
1463 1178 1648 1251 aspice
1691 1178 1956 1251 primum,

338 1268 563 1333 ⁸quanto
608 1278 733 1317 cum
777 1262 945 1330 fastu,
992 1272 1203 1335 quanto
1246 1264 1529 1319 molimine
1573 1263 1781 1319 circum

360 1353 675 1418 spectemus
720 1365 953 1402 vacuam
994 1349 1262 1403 Romanis
1305 1349 1528 1404 vatibus
1571 1350 1792 1403 aedem:

352 1448 485 1485 mox
528 1432 715 1501 etiam,
761 1433 809 1489 si
852 1434 999 1489 forte
1042 1452 1224 1501 vacas,
1273 1452 1507 1506 sequere
1553 1442 1612 1489 et
1653 1434 1850 1506 procul
1893 1434 2041 1503 audi,

350 1515 485 1589 quid
526 1518 673 1574 ferat
714 1526 769 1573 et
814 1537 924 1591 qua
966 1537 1029 1574 re
1070 1520 1177 1575 sibi
1218 1527 1408 1575 nectat
1449 1527 1685 1591 uterque
1728 1537 2004 1574 coronam.

350 1602 631 1658 caedimur
672 1612 731 1659 et
770 1606 1007 1659 totidem
1048 1605 1229 1677 plagis
1276 1606 1648 1660 consumimus
1691 1605 1908 1661 hostem

350 1688 503 1742 lento
544 1690 823 1745 Samnites
868 1692 941 1745 ad
984 1691 1195 1745 lumina
1239 1689 1419 1762 prima
1463 1691 1674 1745 duello.

350 1772 578 1829 discedo
625 1776 869 1831 Alcaeus
910 1784 1121 1849 puncto
1163 1775 1342 1845 illiust,
1387 1776 1483 1831 ille
1525 1794 1650 1831 meo
1693 1774 1859 1847 quis?

348 1858 473 1930 quis
516 1860 624 1917 nisi
668 1861 1078 1928 Callimachus?
1122 1860 1169 1916 si
1211 1862 1338 1933 plus
1381 1864 1684 1934 adposcere
1728 1860 1903 1929 visus,

348 1946 413 2001 fit
454 1945 820 2001 Mimnermus
867 1953 925 2001 et
968 1947 1161 2021 optivo
1206 1948 1540 2018 cognomine
1585 1945 1803 2002 crescit.

349 2032 528 2085 multa
567 2032 709 2100 fero,
756 2039 821 2086 ut
860 2032 1075 2103 placem
1118 2050 1294 2105 genus
1340 2032 1628 2088 inritabile
1671 2039 1880 2099 vatum,

348 2133 475 2171 cum
518 2118 701 2173 scribo
748 2125 805 2172 et
848 2119 1091 2190 supplex
1135 2118 1333 2190 populi
1377 2118 1640 2191 suffragia
1685 2124 1882 2188 capto:

347 2201 515 2271 idem,
560 2203 733 2257 finitis
780 2204 979 2257 studiis
1006 2210 1083 2258 'et
1124 2210 1312 2259 mente
1353 2212 1596 2275 recepta,

328 2287 601 2343 ‘obturem
644 2286 861 2361 patulas
906 2289 1119 2361 inpune
1160 2288 1477 2361 legentibus
1523 2287 1696 2343 auris.

346 2372 601 2427 ridentur
646 2372 790 2427 mala
832 2373 929 2445 qui
972 2383 1298 2447 conponunt
1342 2374 1616 2443 carmina3
1661 2390 1854 2428 verum

342 2460 591 2529 gaudent
632 2459 940 2514 scribentes
984 2468 1041 2514 et
1084 2478 1145 2515 se
1189 2466 1528 2515 venerantur
1572 2466 1631 2513 et
1672 2459 1843 2526 ultr0,

340 2542 391 2597 si
434 2551 639 2613 taceaS,
682 2545 917 2599 laudant
960 2543 1236 2617 quidquid
1281 2545 1547 2619 scripsere
1589 2543 1758 2599 beati.

341 2635 401 2683 at
444 2629 543 2702 qui
584 2629 895 2703 legitimum
940 2630 1131 2707 cupiet
1172 2631 1370 2685 fecisse
1413 2648 1632 2701 poema,

344 2730 469 2769 cum
513 2716 714 2775 tabulis
759 2714 1002 2770 animum
1046 2715 1290 2771 censoris
1335 2723 1519 2771 sumet
1559 2712 1812 2783 honesti3

341 2800 585 2869 audebit,
630 2818 991 2874 quaecunque
1034 2818 1229 2873 parum
1274 2800 1582 2873 splendoris
1626 2800 1907 2855 habebunt

344 2893 404 2940 et
444 2884 565 2941 sine
609 2888 859 2959 pondere
903 2894 1068 2941 erunt
1111 2894 1169 2940 et
1192 2888 1422 2947 ,honore
1465 2885 1696 2958 indigna
1738 2885 2004 2951 ferentur,

341 2972 516 3027 verba
556 2990 793 3029 movere,
824 2973 967 3038 1000,
1014 2971 1266 3046 quamvis
1308 2972 1486 3027 invita
1529 2971 1793 3025 recedant

345 3063 403 3111 et
445 3065 741 3111 versentur
785 3059 965 3112 adhuc
1007 3057 1155 3113 intra
1197 3058 1509 3129 penetralia
1551 3056 1793 3121 Vestae3

348 3142 646 3197 obscurata
689 3143 785 3197 diu
827 3144 1035 3215 populo
1080 3146 1260 3199 bonus
1307 3150 1467 3197 eruet
1509 3149 1678 3214 atque

345 3230 597 3300 proferet
638 3228 698 3283 in
742 3229 927 3285 lucem
968 3229 1219 3299 speciosa
1262 3228 1532 3284 vocabula
1571 3242 1782 3292 rerum,

343 3332 489 3387 quae
530 3314 728 3387 priscis
770 3321 1078 3369 memorata
1120 3314 1425 3369 Catonibus
1468 3320 1636 3385 atque
1679 3309 1944 3382 Cethegis

342 3418 491 3454 nunc
534 3400 673 3455 situs
716 3400 967 3455 informis
1009 3400 1216 3471 premit
1259 3407 1317 3455 et
1359 3401 1584 3453 deserta
1622 3404 1905 3465 vetustas3

348 3485 622 3540 adsciscet
666 3500 832 3555 nova,
881 3502 1025 3557 quae
1069 3484 1292 3557 genitor
1333 3481 1662 3556 produxerit
1703 3500 1852 3536 usus.

350 3588 579 3625 vemens
624 3577 683 3627 et
722 3569 969 3643 liquidus
1014 3586 1271 3642 puroque
1313 3567 1624 3623 simillimus
1670 3566 1818 3620 amni

266 3664 471 3706 Horatius
1646 3647 1669 3705 1
1687 3647 1723 3707 6
