2459 3959
267 248 355 312 24
1030 252 1452 327 emmim

312 412 344 462 5
402 408 538 481 quid
579 407 869 463 Tiridaten
911 415 1138 475 terreat,
1179 408 1345 464 unice

403 511 655 551 securus.
699 511 733 546 ο
778 510 918 565 quae
961 493 1205 549 fontibus
1250 493 1481 567 integris

489 581 717 651 gaudes,
763 578 978 651 apricos
1021 586 1178 633 necte
1222 583 1405 649 flores,

576 672 758 738 necte,
803 682 927 719 meo
972 664 1196 721 Lamiae
1242 684 1517 737 coronam,

403 836 641 909 Pimplei
682 835 875 904 duicis,
918 836 997 890 nil
1043 835 1160 890 sine
1203 844 1262 891 te
1306 838 1416 891 mei

272 926 356 979 10
403 930 638 997 possunt
678 923 949 976 honores:
991 922 1140 975 hunc
1181 923 1382 979 fidibus
1426 924 1604 993 novis,

489 1010 637 1064 hunc
679 1006 884 1061 Lesbio
930 1025 1147 1062 sacrare
1189 1010 1402 1080 plectro

573 1102 744 1165 teque
786 1100 1022 1165 tuasque
1066 1094 1227 1148 decet
1271 1112 1507 1150 sorores.

1126 1375 1364 1433 XXVII

400 1521 566 1577 Natis
611 1521 670 1576 in
713 1540 873 1575 usum
914 1521 1158 1576 laetitiae
1213 1522 1433 1594 scyphis

400 1626 650 1681 pugnare
693 1608 1005 1661 Thraecum
1051 1616 1166 1661 est:
1211 1609 1393 1662 tollite
1436 1609 1731 1663 barbarum

493 1711 699 1747 morem
743 1694 1229 1764 verecundumque
1274 1694 1553 1759 Bacchum

573 1776 886 1849 sanguineis
931 1778 1220 1851 prohibete
1266 1779 1418 1832 rixis,

314 1958 345 2007 5
405 1950 534 2006 vino
581 1956 639 2003 et
681 1948 920 2004 lucernis
964 1949 1170 2004 Medus
1215 1949 1465 2004 acinaces

399 2036 618 2092 inmane
662 2043 930 2107 quantum
975 2034 1289 2107 discrepat:
1335 2036 1548 2108 inpium

488 2120 660 2177 lenite
708 2121 1022 2187 clamorem,
1070 2122 1308 2188 sodales,

573 2214 632 2262 et
674 2206 860 2261 cubito
905 2215 1186 2261 remanete
1228 2226 1442 2279 presso.

400 2377 568 2433 voltis
613 2378 790 2432 severi
832 2395 920 2431 me
964 2395 1186 2449 quoque
1231 2396 1447 2433 sumere

275 2466 350 2521 10
397 2471 612 2537 partem
656 2462 925 2517 Falerni?
974 2463 1121 2516 dicat
1167 2462 1446 2535 Opuntiae

480 2550 654 2603 frater
695 2547 980 2620 Megillae,
1026 2566 1136 2619 quo
1179 2549 1375 2603 beatus

567 2634 818 2703 volnere,
867 2651 978 2705 qua
1019 2640 1211 2705 pereat
1256 2634 1482 2705 sagitta.

397 2813 576 2861 cessat
617 2796 917 2860 voluntas?
961 2823 1073 2858 non
1117 2805 1226 2860 alia
1270 2805 1455 2860 bibam

397 2891 670 2946 mercede.
716 2908 858 2962 quae
901 2898 958 2945 te
1001 2908 1218 2962 cunque
1266 2894 1453 2946 domat
1496 2892 1705 2960 Venus,

276 2982 348 3031 15
483 2995 594 3031 non
641 2976 1032 3031 erubescendis
1078 2977 1263 3031 adurit

565 3061 807 3133 ignibus,
853 3061 1210 3136 ingenuoque
1253 3082 1471 3137 semper

395 3252 580 3288 amore
622 3252 843 3307 peccas:
890 3236 1161 3308 quidquid
1203 3238 1393 3305 habes,
1438 3254 1542 3309 age

395 3321 610 3392 depone
653 3320 788 3374 tutis
834 3322 1076 3377 auribus.
1124 3323 1194 3375 ah
1238 3322 1422 3390 miser,

481 3412 688 3477 quanta
729 3405 946 3461 laboras
995 3406 1051 3461 in
1095 3406 1397 3476 Charybdi,

272 3490 347 3543 20
567 3490 736 3563 digne
777 3510 918 3564 puer
961 3492 1192 3555 meliore
1238 3492 1491 3547 flammai
1533 3534 1535 3538 .
