2459 3959
850 238 858 245 ⁷
899 283 1046 340 ΜΒ.
1091 282 1194 338 111.
1248 285 1451 338 ε--ιο

320 437 461 511 quid
504 436 553 492 si
596 435 779 509 prisca
819 436 966 492 redit
1009 436 1224 500 Venus,

410 520 780 594 diductosque
824 520 958 596 iugo
1003 519 1154 593 cogit
1197 520 1413 576 aeneo?

323 608 373 664 si
416 609 560 663 flava
602 605 880 663 excutitur
928 605 1122 672 Chloe,

179 696 274 748 20
415 692 768 766 reiectaeque
811 699 968 765 patet
1013 690 1177 782 ianua
1220 689 1474 762 Lydiae?

328 846 668 921 ‘quanquam
711 846 894 902 sidere
938 845 1227 918 pulchrior

414 933 510 988 ille
555 939 660 1000 est,
703 941 766 988 tu
811 931 987 992 levior
1032 931 1239 990 cortice
1284 938 1343 986 et
1384 931 1623 1005 inprobo

327 1016 648 1074 iracundior
691 1017 922 1086 Hadria,

413 1112 600 1160 tecum
642 1103 832 1158 vivere
873 1120 1072 1170 amem,
1117 1109 1303 1166 tecum
1347 1101 1544 1159 obeam
1588 1101 1806 1160 libens.'

1151 1405 1213 1461 X

323 1553 654 1608 Extremum
699 1549 915 1604 Tanain
959 1549 1007 1604 si
1050 1548 1294 1616 biberes,
1336 1549 1488 1619 Lyce

325 1654 492 1694 saevo
535 1643 715 1708 nupta
757 1634 897 1702 viro,
943 1651 1032 1689 me
1076 1643 1265 1689 tamen
1310 1650 1535 1707 asperas

411 1729 730 1797 porrectum
773 1729 904 1776 ante
945 1719 1081 1778 foris
1125 1718 1351 1778 obicere
1392 1718 1591 1776 ineolis

502 1807 752 1880 plorares
795 1803 1168 1879 aquilonibus.

242 1942 283 1991 5
333 1933 495 1991 audis
539 1953 651 2007 quo
697 1933 938 2007 strepitu
983 1933 1167 1998 ianua,
1214 1952 1328 2006 quo
1374 1953 1569 1990 nemus

332 2020 482 2076 inter
523 2020 757 2093 pulchra
798 2027 979 2074 satum
1023 2026 1173 2073 tecta
1216 2019 1494 2092 remugiat

423 2105 626 2174 ventis,
671 2115 730 2160 et
771 2103 982 2177 positas
1029 2113 1091 2158 ut
1135 2104 1341 2176 glaciet
1384 2105 1527 2160 nivis

511 2208 652 2264 puro
697 2190 926 2246 numine
969 2187 1262 2262 Iuppiter?

335 2318 611 2393 ingratam
655 2317 867 2376 Veneri
912 2334 1058 2390 pone
1101 2317 1432 2390 superbiam,

209 2410 289 2461 10
337 2423 410 2461 ne
454 2413 716 2460 currente
757 2412 884 2458 rota
926 2403 1072 2458 funis
1118 2413 1211 2457 eat
1254 2411 1428 2460 retro,

422 2508 533 2544 non
578 2497 637 2543 te
680 2488 998 2561 Penelopen
1041 2487 1327 2566 difficilem
1370 2490 1555 2562 procis

507 2575 830 2645 Tyrrhenus
875 2573 1070 2647 genuit
1114 2593 1341 2648 parens.

341 2722 376 2757 ο
419 2700 670 2776 quamvis
715 2719 897 2774 neque
940 2711 1000 2756 te
1042 2719 1273 2757 munera
1317 2720 1423 2758 nec
1466 2721 1683 2776 preces,

337 2805 444 2845 nec
485 2787 692 2843 tinctus
735 2786 883 2842 viola
926 2788 1104 2860 pallor
1149 2788 1451 2844 amantium

212 2881 240 2930 1
255 2881 287 2931 5
425 2891 529 2929 nec
573 2871 658 2927 vir
697 2871 886 2928 Pieria
929 2873 1108 2946 pelice
1151 2873 1369 2932 saucius

507 2965 716 3026 curvat,
763 2957 1108 3032 supplicibus
1151 2959 1265 3020 tuis

331 3106 545 3163 pareas,
590 3105 693 3143 nee
735 3087 920 3159 rigida
962 3087 1181 3144 mollior
1226 3090 1449 3145 aesculo

333 3192 437 3230 nec
477 3173 688 3228 Mauris
732 3173 975 3228 animum
1018 3173 1204 3229 mitior
1249 3175 1543 3247 anguibus.

422 3277 534 3314 non
579 3260 685 3324 hoc
729 3276 946 3330 semper
989 3259 1098 3316 erit
1140 3259 1344 3317 liminis
1390 3269 1486 3318 aut
1533 3279 1715 3335 aquae

210 3347 290 3401 20
507 3343 759 3401 caelestis
807 3345 1025 3418 patiens
1072 3345 1240 3402 latus.

1195 3507 1279 3513 .‚-—.-.
1291 3507 1299 3512 -
1319 3507 1346 3513 ..-
1354 3506 1373 3514 a
