2459 3959
921 323 928 330 .
967 269 1218 326 LIBER.
1272 277 1343 325 17

149 429 260 478 35
313 422 466 478 cales
511 421 744 479 venenis
789 421 1012 478 officina
1056 422 1359 480 Colchicis.

315 527 464 581 quae
505 509 631 563 finis
685 514 784 563 aut
825 509 978 581 quod
1019 525 1108 562 me
1151 517 1343 564 manet
1383 508 1769 582 stipendium?

321 595 530 650 efferet
573 594 752 649 iussas
798 610 922 648 cnm
967 593 1078 647 fide
1120 611 1331 665 poenas
1376 594 1544 664 luam,

316 687 546 751 paratus
591 679 836 751 expiare,
882 695 978 735 seu
1024 679 1346 751 poposceris

315 773 538 819 centum
580 763 850 831 iuvencis,
899 763 1018 818 sive
1061 764 1315 818 mendaci
1355 764 1477 835 lyra

155 855 264 905 40
314 850 472 905 voles
517 849 724 918 sonari,
786 856 850 903 ιιι
893 849 1118 922 pudica,
1161 858 1222 904 tn
1266 851 1445 922 proba

315 935 727 1007 perambulabis
773 942 926 989 astra
969 934 1122 989 sidus
1167 952 1419 992 aureum.

313 1020 536 1075 infamis
577 1020 834 1075 Helenae
879 1019 1078 1075 Castor
1121 1020 1363 1075 offensus
1407 1019 1545 1087 vice,

319 1106 602 1178 fraterque
644 1104 830 1178 magni
877 1104 1143 1171 Castoris,
1188 1105 1323 1160 victi
1366 1123 1534 1178 prece

319 1193 586 1263 adempta
626 1190 741 1245 vati
781 1190 1078 1246 reddidere
1120 1190 1356 1246 lumina:

175 1282 272 1331 45
325 1285 382 1332 et
427 1285 506 1343 tu,
551 1285 712 1348 potes
755 1294 904 1342 nam,
947 1276 1102 1330 solve
1146 1294 1236 1331 me
1285 1274 1586 1343 dementia,

315 1379 350 1415 o
395 1379 500 1416 nec
541 1361 785 1434 paternis
832 1361 1085 1416 obsoleta
1129 1361 1404 1429 sordibus,

317 1465 503 1520 neque
545 1447 605 1500 in
649 1446 916 1519 sepulcris
959 1463 1268 1518 pauperum
1310 1448 1557 1518 prudens
1602 1463 1741 1501 anus

315 1532 666 1587 novendialis
711 1531 984 1604 dissipare
1028 1532 1308 1603 pulveres.

312 1617 422 1671 tibi
464 1616 741 1689 hospitale
782 1625 975 1689 pectus
1021 1624 1080 1671 et
1121 1633 1295 1689 purae
1340 1634 1556 1687 manus,

181 1709 274 1758 50
321 1709 566 1774 tuusque
610 1709 806 1756 venter
848 1702 1221 1769 Pactumeius,
1268 1712 1327 1756 et
1368 1711 1466 1755 tuo

319 1805 520 1842 cruore
562 1788 760 1842 rubros
805 1787 1081 1842 obstetrix
1123 1804 1337 1858 pannos
1378 1787 1534 1856 lavit,

317 1881 606 1944 utcunque
649 1871 808 1926 fortis
853 1871 1043 1927 exsilis
1088 1889 1386 1945 puerpera.

329 1956 487 2030 ‘quid
529 1957 800 2013 obseratis
845 1957 1069 2013 auribus
1112 1957 1299 2012 fundis
1343 1957 1577 2030 preces?

321 2062 437 2099 non
481 2061 616 2098 saxa
656 2042 820 2098 nudis
867 2043 1124 2097 surdiora
1165 2042 1371 2098 navitis
1418 2050 1423 2057 '

185 2135 274 2184 55
321 2129 622 2200 Neptunus
668 2128 781 2183 alto
825 2128 1015 2182 tundit
1055 2127 1321 2186 hibernus
1369 2130 1506 2186 salo·

330 2215 539 2269 inultus
583 2220 646 2267 ut
686 2220 749 2267 ιιι
789 2212 976 2268 riseris
1023 2213 1273 2284 Cotyttia

328 2299 575 2371 volgata,
622 2315 838 2353 sacrum
879 2298 1041 2353 liberi
1085 2298 1391 2371 Cupidinis,

333 2393 391 2439 et
434 2383 711 2455 Esquilini
755 2383 1010 2454 pontifex
1052 2383 1284 2438 venefici

330 2470 537 2541 inpune
583 2477 646 2522 ut
687 2469 882 2524 urbem
925 2469 1150 2524 nomine
1195 2467 1428 2541 inpleris
1471 2469 1635 2523 meo?

195 2554 284 2607 60
333 2555 470 2627 quid
512 2555 776 2626 proderat
818 2553 1028 2608 ditasse
1071 2554 1370 2626 Paelignas
1414 2571 1569 2620 anus,

329 2639 648 2694 velociusve
689 2638 977 2694 miscuisse
1019 2639 1306 2694 toxicum?

329 2727 431 2780 sed
472 2724 720 2779 tardiora
760 2724 877 2779 fata
917 2734 974 2780 te
1019 2725 1162 2779 votis
1207 2731 1467 2778 manent:

332 2810 555 2882 ingrata
594 2808 798 2864 misero
841 2809 958 2866 vita
999 2811 1253 2864 ducenda
1297 2817 1383 2864 est
1422 2808 1481 2863 in
1526 2809 1649 2878 hoc,

329 2895 485 2951 novis
529 2901 592 2948 ut
633 2912 812 2966 usque
857 2903 1119 2967 suppetas
1163 2894 1465 2951 laboribus.

161 2988 304 3040 ·65,
331 2988 491 3053 optat
532 2979 775 3052 quietem
818 2979 1046 3052 Pelopis
1090 2979 1249 3035 infidi
1291 2987 1471 3052 pater,

327 3083 498 3137 egens
541 3063 816 3136 benignae
860 3065 1130 3121 Tantalus
1176 3083 1394 3138 semper
1438 3065 1618 3137 dapis,

328 3157 486 3223 optat
527 3150 890 3205 Prometheus
936 3151 1214 3222 obligatus
1259 3150 1397 3217 aliti,

327 3243 486 3308 optat
531 3253 789 3308 supremo
814 3236 1104 3291 conlocare
1151 3236 1422 3308 Sisyphus

323 3321 382 3375 in
425 3328 612 3376 monte
656 3337 882 3389 saxnm3
930 3323 1028 3376 sed
1072 3330 1262 3376 vetant
1307 3321 1459 3393 leges
1504 3319 1677 3378 Iovis.

199 3408 278 3463 ⁴10
325 3407 481 3463 voles
523 3407 690 3462 modo
733 3405 860 3461 altis
905 3407 1131 3462 desilire
1174 3406 1444 3475 turribus,

2016 267 2146 328 188
