2459 3959
297 249 385 311 64
1063 260 1486 319 CARMINVM

425 417 650 482 portare
691 411 874 480 fustis,
922 413 1005 468 sol
1049 414 1147 469 ubi
1189 414 1461 470 montium

426 503 664 550 mutaret
705 499 929 553 umbras
975 508 1033 554 et
1074 500 1206 572 iuga
1252 501 1500 556 demeret

513 583 693 638 bobus
737 582 1008 656 fatigatis,
1056 586 1311 653 amicum,

598 675 816 741 tempus
862 687 1034 742 agens
1079 672 1320 726 abeunte
1364 688 1553 726 curru..

301 819 378 869 45
429 814 694 868 damnosa
737 814 872 886 quid
913 832 1026 869 non
1069 814 1331 870 inminuit
1373 813 1544 868 dies?

429 907 579 955 aetas
623 908 910 972 parentum
956 899 1114 973 peior
1155 900 1274 954 avis
1318 901 1449 954 tulit

511 1003 613 1040 nos
657 985 974 1057 nequiores,
1021 1004 1152 1040 mox
1194 987 1423 1040 daturos

598 1071 922 1144 progeniem
963 1070 1325 1126 vitiosiorem.

1206 1458 1326 1514 VII

428 1619 577 1686 Quid
619 1622 742 1688 fles,
789 1619 1027 1688 Asterie,
1074 1638 1241 1692 quem
1286 1619 1391 1675 tibi
1437 1619 1664 1675 candidi

421 1705 600 1780 primo
645 1705 944 1760 restituent
987 1723 1120 1760 vere
1163 1705 1374 1760 favonii

510 1793 711 1862 Thyna
753 1807 938 1846 merce
981 1792 1228 1860 beatum,

593 1875 895 1932 constantis
940 1875 1198 1931 iuvenem
1242 1877 1353 1932 fide

343 2031 375 2080 5
427 2020 627 2094 Gygen
647 2023 674 2076 ⁴?
719 2023 815 2078 ille
859 2022 1004 2077 notis
1050 2029 1205 2078 actus
1252 2023 1323 2077 ad
1366 2023 1595 2079 Oricum

423 2114 553 2180 post
593 2108 790 2164 insana
834 2125 1032 2180 caprae
1077 2108 1263 2164 sidera
1304 2109 1534 2182 frigidas

509 2195 688 2250 noctis
733 2211 845 2248 non
889 2194 1007 2248 sine
1051 2193 1239 2249 multis

594 2279 861 2336 insomnis
905 2279 1144 2334 lacrimis
1191 2279 1329 2352 agit.

424 2427 579 2500 atqui
625 2425 896 2482 sollicitae
939 2425 1165 2480 nuntius
1209 2425 1465 2498 hospitae

304 2520 377 2570 10
428 2512 707 2585 suspirare
755 2511 964 2567 Chloen
1008 2520 1065 2566 et
1107 2511 1363 2565 miseram
1406 2511 1518 2566 tuis

510 2598 699 2653 dicens
743 2597 967 2668 ignibus
1012 2597 1119 2664 uri,

595 2691 833 2756 temptat
873 2682 1024 2738 mille
1067 2681 1224 2737 vafer
1267 2680 1467 2736 modis.

425 2839 491 2887 ut
529 2833 796 2887 Proetum
840 2829 1038 2884 mulier
1080 2829 1295 2901 perfida
1339 2829 1623 2883 credulum

425 2917 578 2972 falsis
622 2915 890 2988 inpulerit
935 2913 1256 2969 criminibus
1301 2912 1467 2969 nimis

303 3010 376 3060 15
514 3009 667 3058 casto
709 3000 1133 3071 Bellerophonti

594 3094 871 3141 maturare
915 3103 1108 3140 necem
1149 3087 1343 3142 refert·

424 3242 616 3291 narrat
657 3251 832 3306 paene
878 3234 1067 3288 datum
1109 3235 1282 3289 Pelea
1325 3233 1581 3300 Tartaro,

424 3322 778 3394 Magnessam
819 3318 1164 3392 Hippolyten
1209 3321 1341 3373 dum
1382 3317 1526 3390 fugit
1570 3315 1883 3384 abstinen33

510 3415 570 3463 et
610 3421 839 3479 peccare
885 3405 1134 3460 docentis

299 3500 376 3551 20
603 3491 773 3547 fallax
815 3490 1074 3546 historias
1119 3498 1335 3559 movet3
