2459 3959
306 285 394 350 58
1074 296 1369 354 CARMIN
1376 301 1494 356 VM

439 467 551 503 non
593 448 702 503 hoc
743 448 970 506 iocosae
1015 453 1309 508 conveniet
1354 455 1535 526 lyrae:

318 537 393 589 70
441 553 550 606 quo
595 534 760 588 Musa
802 537 1030 591 tendis?
1075 540 1270 594 desine
1315 541 1578 612 pervicax

525 620 733 674 referre
779 639 1058 677 sermones
1104 626 1333 680 deorum
1379 635 1435 680 et

610 722 810 777 magna
851 709 1029 763 modis
1073 717 1303 766 tenuare
1345 713 1553 784 parvis.

1237 995 1325 1049 IV

439 1133 734 1191 Descende
779 1139 929 1193 caelo
977 1145 1034 1192 et
1078 1139 1165 1194 dic
1210 1159 1313 1212 age
1356 1140 1497 1195 tibia

437 1220 633 1292 regina
676 1222 902 1295 longum
949 1223 1200 1297 Calliope
1244 1227 1434 1293 melos,

525 1324 624 1361 seu
665 1325 802 1363 voce
848 1326 996 1363 nunc
1035 1310 1208 1364 mavis
1254 1319 1435 1379 acuta,

607 1411 706 1448 seu
749 1394 950 1450 fidibus
996 1395 1316 1468 citharaque
1362 1397 1595 1454 Phoebi.

361 1571 392 1619 5
443 1564 648 1619 auditis
693 1582 764 1618 an
807 1581 896 1618 me
939 1566 1081 1620 ludit
1124 1567 1377 1620 amabilis

439 1650 699 1706 insania?
745 1650 937 1706 audire
983 1659 1041 1705 et
1084 1651 1279 1706 videor
1318 1651 1442 1724 pios

522 1753 707 1790 errare
750 1753 852 1808 per
893 1736 1070 1804 luem,
1116 1755 1381 1792 amoenae

607 1839 746 1893 quos
793 1830 851 1875 et
893 1839 1069 1893 aquae
1112 1825 1353 1877 subeunt
1396 1832 1454 1878 et
1496 1844 1683 1880 aurae.

432 2011 522 2048 me
563 1993 850 2049 fabulosae
893 1994 1129 2048 Volture
1175 1994 1232 2047 in
1279 1995 1503 2068 Appulo

313 2081 386 2134 10
433 2078 641 2134 altricis
689 2087 848 2134 extra
890 2079 1060 2132 limen
1105 2079 1380 2150 †Apuliae

517 2165 650 2218 ludo
693 2165 1095 2236 fatigatumque
1142 2183 1335 2219 somno

605 2250 802 2304 fronde
847 2268 991 2304 nova
1034 2268 1267 2321 puerum
1310 2251 1598 2322 palumbes

431 2429 641 2488 texere,
685 2421 883 2476 mirum
930 2423 1078 2493 quod
1121 2423 1269 2478 foret
1312 2425 1587 2492 omnibuS‚

440 2507 755 2580 quicunque
800 2506 980 2562 celsae
1025 2507 1218 2562 nidum
1265 2509 1640 2564 Acherontiae

312 2597 383 2648 15
519 2593 801 2664 saltusque
844 2593 1117 2648 Bantinos
1164 2603 1220 2648 et
1264 2613 1455 2648 arvum

601 2678 810 2751 pingue
854 2687 1050 2734 tenent
1094 2679 1315 2733 humilis
1360 2680 1607 2748 Forenti,

431 2856 496 2903 nt
536 2856 659 2905 tuto
704 2850 773 2903 ab
819 2850 952 2904 atris
999 2867 1228 2922 corpore
1275 2850 1481 2922 viperis

435 2935 734 2990 dormirem
777 2943 835 2989 et
878 2934 1042 3004 ursis,
1087 2944 1149 2988 ut
1195 2955 1477 3006 premerer
1520 2955 1677 2993 saera

515 3021 787 3094 lauroque
834 3022 1164 3092 conlataque
1208 3031 1407 3090 myrt0‚

309 3111 382 3162 20
603 3124 715 3161 non
761 3106 879 3162 sine
927 3106 1010 3160 dis
1058 3106 1335 3162 animosus
1381 3107 1585 3162 infans.

428 3284 634 3346 vester,
681 3275 973 3345 Camenae,
1018 3285 1205 3331 vester
1249 3278 1305 3332 in
1352 3281 1554 3333 arduos

425 3363 595 3417 tollor
639 3361 896 3431 Sabinos,
944 3381 1043 3418 seu
1085 3361 1221 3415 mihi
1265 3363 1531 3434 frigidum

512 3447 833 3515 Praeneste,
881 3466 982 3501 seu
1025 3448 1204 3502 Tibur
1249 3449 1525 3520 supinum,

608 3550 705 3586 seu
754 3531 1002 3604 liquidae
1045 3534 1309 3606 placuere
1353 3534 1546 3591 Baiae.
