2459 3959
941 337 1088 393 LIB.
1132 339 1212 394 ΙΙ.
1267 347 1422 396 1-3

340 489 592 545 Gadibus
635 491 836 564 iungas
882 500 936 546 et
979 501 1214 566 uterque
1258 494 1383 549 finis

431 577 636 630 serviat
677 578 794 632 uni.

343 705 548 759 crescit
588 705 885 778 indulgens
932 707 1039 762 sibi
1083 709 1237 763 dirus
1282 710 1545 784 hydropa,

338 809 447 844 nee
491 790 638 844 sitim
683 792 860 864 pellit,
906 793 1011 847 nisi
1057 811 1250 848 caussa
1292 797 1469 853 morbi
1558 835 1565 842 ·

190 883 284 930 15
337 875 549 947 fugerit
591 877 748 931 venis
792 888 849 932 et
892 897 1131 950 aquosus
1175 880 1307 936 albo

429 977 659 1033 corpore
691 963 947 1036 languor.

338 1089 616 1144 redditum
666 1091 796 1162 Cyri
839 1094 978 1148 solio
1022 1095 1297 1149 Phraaten

342 1175 615 1230 dissidens
659 1178 810 1248 plebi
855 1197 1083 1233 numero
1128 1182 1413 1234 beatorum

339 1260 537 1314 eximit
578 1261 752 1316 virtus
795 1265 1172 1337 populumque
1217 1266 1370 1320 falsis

193 1351 286 1399 20
428 1348 664 1401 dedocet
709 1348 787 1402 nti

338 1473 583 1538 voc-ihm,
620 1494 851 1547 regnum
891 1487 946 1532 et
999 1480 1251 1534 diadema
1280 1490 1460 1536 tutum

340 1559 593 1614 deferens
638 1561 734 1614 uni
776 1563 1164 1638 propriamque
1209 1568 1443 1636 laurum,

346 1645 597 1716 quisquis
641 1646 882 1717 ingentis
927 1651 1085 1704 oculo
1123 1651 1393 1708 inretorto

429 1738 646 1802 spectat
686 1751 924 1788 acervos.

1147 2019 1241 2078 111

339 2158 592 2232 Aequam
635 2170 912 2217 memento
946 2165 1112 2218 rebus
1146 2166 1201 2219 in
1238 2168 1423 2222 arduis

332 2262 559 2300 >servare
603 2256 858 2316 mentem,
905 2267 1015 2303 non
1062 2268 1219 2305 secus
1268 2269 1331 2306 ae
1373 2254 1533 2310 bonis

425 2332 496 2385 ab
539 2331 798 2386 insolenti
841 2341 1200 2406 temperatam
1262 2347 1267 2351 “

509 2417 742 2487 laetitia,
774 2418 1038 2476 moriture
1079 2421 1250 2490 Delli,

247 2548 282 2595 5
336 2561 434 2597 seu
476 2554 716 2601 maestus
763 2548 910 2603 omni
953 2557 1200 2621 tempore
1245 2552 1470 2622 vixeris,

333 2647 430 2682 seu
475 2637 531 2684 te
575 2631 636 2685 in
677 2641 888 2688 remoto
919 2636 1166 2706 gramine
1210 2656 1311 2709 per
1354 2639 1472 2694 dies

415 2715 587 2770 festos
629 2718 956 2772 reclinatum
1002 2722 1181 2775 bearis

502 2800 765 2858 interiore
809 2812 940 2858 nota
982 2807 1226 2864 Falerni.

335 2945 444 2998 quo
489 2929 652 3001 pinus
697 2932 893 3006 ingens
937 2937 1171 3010 albaque
1217 2941 1455 3012 populus

205 3017 281 3064 10
332 3015 580 3068 umbram
625 3018 956 3090 hospitalem
1002 3023 1317 3079 consociare
1363 3036 1547 3082 amant

419 3101 628 3154 ramis?
674 3105 808 3176 quid
855 3107 1080 3179 obliquo
1123 3109 1340 3164 laborat

501 3186 725 3258 lympha
766 3191 939 3262 fugax
981 3194 1465 3266 trepidare‘rivo‘?

330 3312 441 3366 hue
483 3314 612 3370 vina
654 3324 711 3370 et
754 3327 1038 3390 unguenta
1082 3330 1139 3376 et
1181 3324 1407 3378 nimium
1453 3327 1636 3382 brevis

331 3398 496 3453 flores
541 3418 800 3457 amoenae
844 3405 987 3459 ferre
1031 3406 1158 3462 iube
1203 3428 1381 3476 rosae,

210 3487 283 3535 15
418 3487 546 3540 dum
591 3505 681 3541 res
727 3496 782 3542 et
827 3497 996 3556 aetas,
1043 3501 1098 3547 et
1143 3512 1390 3549 sororum

505 3573 599 3627 fila
638 3571 803 3628 trium
849 3577 1134 3647 patiuntur
1177 3589 1310 3634 atra.

1672 3663 1749 3722 3*
