2459 3959
169 273 294 334 152
912 280 1372 336 SATIRARVM

339 450 436 488 seu
479 450 734 488 recreare
780 434 932 488 volet
973 443 1260 489 tenuatum
1308 451 1528 506 corpus,
1572 432 1777 506 ubique

209 523 286 573 85
335 518 607 572 accedent
650 519 799 583 anni,
841 532 900 574 et
941 519 1170 573 tractari
1213 519 1433 574 mollius
1480 526 1634 572 aetas

338 602 601 657 inbecilla
644 605 825 658 volet:
868 604 973 658 tibi
1017 603 1283 676 quidnam
1328 605 1556 659 accedet
1599 605 1674 657 ad
1718 603 1903 668 istam,

340 706 506 760 quam
548 707 689 760 puer
731 697 788 744 et
829 689 1044 744 validus
1089 690 1411 762 praesumis,
1455 688 1761 752 mollitiem,
1786 706 1905 742 seu

342 774 480 827 dura
523 775 786 828 valetudo
830 774 1106 842 inciderit,
1151 794 1251 830 seu
1291 777 1453 829 tarda
1496 773 1793 830 senectus?

343 857 632 912 rancidum
678 877 872 933 aprum
915 860 1129 933 antiqui
1171 861 1498 926 laudabant,
1543 877 1656 913 non
1700 858 1833 931 qnia
1874 876 2043 912 nasus

217 944 298 996 90
343 942 455 997 illis
498 943 682 1000 nullus
728 954 864 1011 erat,
909 947 1031 1012 sed,
1077 947 1262 1013 credo,
1309 947 1412 1000 hsc
1454 953 1658 1011 mente,
1703 944 1853 1016 quod
1896 944 2109 1014 hospes

348 1027 562 1083 tardius
607 1030 908 1084 adveniens
949 1031 1206 1085 vitiatum
1248 1029 1589 1086 commodius
1634 1047 1801 1102 quam

348 1113 630 1185 integrum
674 1116 821 1169 edax
865 1115 1118 1170 dominus
1163 1123 1529 1171 consumeret.
1571 1116 1675 1170 hos
1718 1113 1927 1168 utinam
1970 1113 2135 1169 inter

340 1199 538 1253 heroas
581 1208 770 1254 natum
815 1202 982 1255 tellus
1027 1219 1117 1254 me
1158 1202 1339 1274 prima
1380 1202 1617 1256 tulisset.

344 1285 442 1337 das
486 1284 700 1356 aliquid
743 1286 942 1352 famae,
987 1303 1130 1358 quae
1176 1288 1419 1342 carmine
1462 1285 1676 1358 gratior
1719 1301 1908 1338 aurem

218 1374 295 1423 95
346 1379 582 1440 occupet
626 1372 961 1426 humanam?
1005 1372 1245 1442 grandes
1288 1372 1505 1427 rhombi
1549 1371 1883 1442 patinaeque

345 1457 556 1526 grande
599 1455 786 1511 ferunt
827 1475 938 1512 una
979 1475 1104 1510 cum
1147 1459 1349 1512 damno
1393 1458 1667 1511 dedecus:
1714 1458 1858 1512 adde

345 1539 549 1594 iratum
592 1549 870 1614 patruum,
915 1541 1146 1608 vicinos,
1192 1551 1250 1597 te
1294 1542 1397 1596 tibi
1439 1539 1644 1596 inicum

347 1634 405 1679 et
446 1626 654 1681 frustra
698 1627 890 1682 mortis
935 1627 1217 1700 cupidum,
1268 1645 1393 1682 cum
1440 1626 1619 1682 deerit
1662 1627 1849 1699 egenti

344 1727 421 1774 as,
467 1710 655 1783 laquei
699 1712 956 1783 pretium.
1048 1709 1206 1767 ‘iure'
1250 1713 1433 1785 inquit
1478 1707 1768 1766 ‘Transius
1811 1711 1935 1766 istis

173 1796 299 1849 100
345 1795 598 1867 iurgatur
641 1798 857 1852 verbis:
903 1816 1008 1870 ego
1052 1798 1349 1870 vectigalia
1390 1814 1591 1870 magna

345 1881 680 1954 divitiasque
725 1884 904 1939 habeo
949 1883 1130 1938 tribus
1175 1884 1387 1956 amplas
1430 1875 1703 1954 regibus.’
1794 1901 1927 1955 ergo

348 1969 500 2038 quod
545 1979 772 2038 superat
813 1987 926 2022 non
973 1977 1058 2023 est
1101 1968 1301 2023 melius
1344 1987 1455 2041 qno
1500 1969 1779 2022 insumere
1820 1967 2049 2039 possis?

345 2069 444 2106 cur
488 2062 618 2125 eget
660 2053 922 2125 indignus
967 2053 1278 2126 quisquam,
1322 2061 1381 2108 te
1427 2053 1639 2107 divite?
1684 2071 1857 2125 quare

345 2138 553 2209 templa
593 2147 764 2192 ruunt
805 2139 1036 2210 antiqua
1080 2139 1283 2194 deum?
1328 2157 1441 2204 eur,
1488 2139 1741 2210 inprobe,
1788 2155 1949 2192 carae

177 2225 298 2277 105
353 2240 462 2276 non
507 2222 718 2294 aliquid
753 2224 970 2296 patriae
1002 2232 1158 2278 tanto
1203 2225 1449 2280 emetiris
1494 2223 1732 2278 acervo?

345 2306 443 2360 uni
487 2305 744 2362 nimirum
787 2309 892 2364 tibi
933 2317 1090 2364 recte
1136 2327 1356 2382 semper
1400 2317 1565 2364 erunt
1604 2327 1715 2378 res,

348 2411 381 2447 o
425 2411 660 2464 magnus
704 2396 936 2466 posthac
977 2394 1216 2450 inimicis
1260 2395 1422 2449 risus.
1468 2402 1665 2449 uterne

347 2479 417 2531 ad
466 2495 624 2533 casus
670 2480 870 2535 dubios
915 2482 1050 2536 fidet
1094 2479 1198 2534 sibi
1244 2479 1487 2536 certius?
1532 2479 1622 2533 hic
1665 2479 1761 2552 qni

348 2563 601 2636 pluribus
648 2565 894 2620 adsuerit
939 2574 1181 2620 mentem
1225 2583 1537 2639 corpusque
1583 2566 1905 2637 superbum,

180 2651 303 2704 '110
351 2668 420 2702 an
465 2649 562 2721 qui
607 2659 904 2706 contentus
946 2669 1120 2723 parvo
1165 2659 1528 2722 metuensque
1570 2649 1744 2704 futuri

346 2733 406 2788 in
450 2752 603 2806 pace,
647 2744 711 2789 ut
755 2736 994 2808 sapiens,
1041 2736 1246 2808 aptarit
1287 2736 1491 2791 idonea
1534 2735 1721 2790 bello?

346 2838 458 2892 quo
502 2821 679 2893 magis
721 2821 809 2876 his
854 2823 1067 2888 credas,
1113 2839 1254 2894 puer
1295 2823 1443 2876 hunc
1483 2839 1589 2892 ego
1632 2839 1837 2892 parvus
1880 2819 2129 2877 Ofellum

348 2905 583 2978 integris
629 2907 829 2978 opibus
873 2907 1005 2961 novi
1049 2925 1161 2962 non
1206 2906 1375 2962 latius
1421 2923 1583 2961 usum

345 3008 512 3064 qnam
555 3010 703 3047 nunc
746 2991 961 3049 accisis,
1047 2993 1241 3047 videas
1287 3000 1492 3048 metato
1536 2991 1593 3046 in
1640 2991 1823 3063 agello

177 3081 297 3130 115
347 3094 472 3130 cum
513 3094 720 3148 pecore
765 3086 823 3132 et
865 3076 1050 3149 gnatis
1093 3078 1296 3132 fortem
1340 3076 1593 3132 mercede
1634 3077 1915 3142 colonum,

344 3159 476 3215 ‘non
521 3163 644 3233 ego’
688 3172 1004 3217 narrantem
1051 3160 1281 3219 ‘temere
1326 3162 1417 3218 edi
1460 3161 1585 3216 luce
1628 3161 1877 3232 profesta

346 3246 642 3319 quicquam
684 3257 909 3320 praeter
951 3248 1073 3303 olus
1117 3249 1367 3303 fumosae
1410 3265 1535 3302 cum
1576 3248 1721 3319 pede
1764 3263 1997 3318 pernae.

342 3349 407 3386 ac
450 3331 588 3385 mihi
631 3349 731 3386 seu
775 3333 1006 3404 longum
1050 3343 1178 3405 post
1218 3341 1441 3403 tempus
1486 3338 1717 3386 venerat
1760 3332 1983 3403 hospes,

345 3416 464 3472 sive
508 3433 740 3487 operum
781 3435 954 3472 vacuo
999 3426 1192 3489 gratus
1239 3417 1471 3471 conviva
1516 3435 1617 3488 per
1659 3416 1892 3472 imbrem

179 3503 299 3556 120
346 3500 580 3565 vicinus,
627 3502 773 3556 bene
819 3511 940 3556 erat
982 3520 1095 3558 non
1141 3503 1387 3574 piscibus
1433 3503 1571 3557 urbe
1614 3501 1827 3573 petitis,
