2459 3959
339 277 426 337 44
1109 285 1534 342 CARMINVM

1237 439 1387 496 XIII

465 572 570 628 Ille
613 576 670 623 et
712 568 933 623 nefasto
976 576 1034 623 te
1079 569 1269 640 posuit
1313 569 1403 624 die

466 656 778 731 quicunque
819 653 1076 726 primum,
1126 663 1185 708 et
1228 656 1493 727 sacrilega
1536 673 1705 712 manu

553 739 837 815 produxit,
885 742 1064 806 arbos,
1109 739 1169 792 in
1213 750 1477 812 nepotum

635 824 935 898 perniciem
979 825 1447 898 opprobriumque
1491 826 1651 900 pagi3

384 965 415 1014 5
464 957 617 1012 illum
663 962 721 1009 et
763 954 1008 1026 parentis
1053 955 1381 1008 crediderim
1428 956 1512 1010 sui

462 1042 694 1112 ftegisse
739 1039 1008 1094 cervicem
1051 1048 1109 1094 et
1151 1040 1461 1111 penetralia

549 1125 815 1198 sparsisse
857 1133 1128 1179 nocturno
1173 1143 1370 1180 cruore

636 1211 906 1282 hospitia;
952 1211 1046 1264 ille
1091 1228 1306 1265 venena
1350 1211 1555 1266 Colcha

465 1350 523 1396 et
565 1339 836 1411 quidquid
881 1357 1110 1411 usquam
1157 1339 1466 1410 concipitur
1508 1340 1662 1395 nefas

348 1435 421 1484 10
467 1426 748 1493 tractavit,
796 1443 928 1496 agro
972 1424 1068 1496 qui
1111 1425 1304 1478 statuit
1348 1442 1470 1480 meo

550 1519 606 1567 te
650 1511 811 1564 triste
854 1511 1082 1581 lignum,
1127 1519 1184 1563 te
1231 1513 1495 1566 caducum

633 1597 689 1651 in
736 1596 944 1649 domini
985 1606 1152 1668 caput
1193 1596 1535 1652 inmerentis·

461 1726 595 1799 quid
639 1724 874 1795 quisque
917 1724 1054 1777 vitet
1099 1742 1379 1795 nunquam
1424 1724 1631 1778 homini
1679 1725 1813 1779 satis

463 1819 681 1867 cautum
727 1819 811 1864 est
855 1809 913 1862 in
955 1810 1137 1863 horas.
1186 1811 1373 1863 navita
1414 1811 1722 1881 Bosporum

340 1906 411 1954 15
547 1897 778 1967 Thynus
822 1893 1189 1966 perhorrescit
1234 1913 1415 1967 neque
1462 1897 1609 1951 ult-ra

631 1998 793 2036 caeca
833 1979 1063 2034 timetve
1109 1980 1331 2035 aliunde
1375 1981 1505 2048 fata,

455 2111 613 2166 miles
659 2110 888 2181 sagittas
933 2118 991 2164 et
1033 2111 1293 2164 reducem
1336 2111 1522 2182 fugam

456 2197 668 2263 Parthi,
715 2204 938 2249 catenas
982 2196 1222 2250 Parthus
1272 2203 1329 2250 et
1371 2197 1574 2251 Italum

542 2283 737 2351 robur3
785 2281 881 2334 sed
925 2280 1206 2352 inprovisa
1253 2282 1351 2336 leti

332 2373 408 2422 20
626 2367 710 2420 vis
753 2366 940 2437 rapuit
981 2367 1271 2439 rapietque
1316 2367 1515 2439 gentis.

454 2512 618 2567 quam
661 2512 838 2565 paene
883 2495 1074 2549 furvae
1119 2513 1292 2566 regna
1335 2496 1719 2569 Proserpinae,

454 2590 511 2635 et
553 2579 891 2634 iudicantem
934 2580 1169 2634 vidimus
1213 2580 1459 2634 Aeacum

540 2668 813 2738 aedesque
860 2666 1123 2720 discretas
1169 2665 1386 2736 piorum
1432 2675 1491 2720 et

625 2751 838 2806 Aeoliis
883 2751 1084 2804 fidibus
1130 2760 1454 2822 querentem

331 2885 404 2934 25
457 2879 680 2952 Sappho
723 2879 924 2952 puellis
972 2881 1041 2932 <le
1084 2881 1445 2952 popularibus

455 2973 514 3020 et
556 2974 611 3019 te
657 2974 942 3020 sonantem
988 2965 1207 3036 plenius
1254 2985 1440 3035 aure0,

539 3050 764 3117 Alcaeo,
818 3051 1030 3121 plectro
1077 3051 1214 3105 dura
1260 3053 1433 3118 navia,

627 3137 767 3191 dura
808 3137 972 3208 fugae
1015 3137 1176 3205 male,
1223 3139 1363 3191 dura
1406 3138 1561 3194 belli.

454 3272 751 3336 utrumque
797 3283 950 3320 sacro
997 3264 1164 3336 digna
1208 3265 1432 3320 silentio

331 3355 404 3404 30
452 3350 722 3405 mirantur
766 3352 993 3405 umbrae
1039 3351 1258 3416 dicere3
1304 3353 1400 3405 sed
1444 3352 1619 3424 magis

537 3453 750 3508 pugnas
796 3444 853 3490 et
896 3445 1120 3492 exactos
1164 3445 1429 3505 tyrannos

622 3523 854 3575 densum
897 3520 1097 3578 umeris
1143 3521 1287 3577 bibit
1329 3539 1460 3577 aure
1504 3523 1717 3596 volgus.
