<?xml version="1.0" encoding="UTF-8"?>
<!DOCTYPE html PUBLIC "-//W3C//DTD XHTML 1.0 Transitional//EN"
    "http://www.w3.org/TR/xhtml1/DTD/xhtml1-transitional.dtd">
<html xmlns="http://www.w3.org/1999/xhtml" xml:lang="en" lang="en">
 <head>
  <title>
</title>
<meta http-equiv="Content-Type" content="text/html;charset=utf-8" />
  <meta name='ocr-system' content='tesseract 3.04.00' />
  <meta name='ocr-capabilities' content='ocr_page ocr_carea ocr_par ocr_line ocrx_word'/>
</head>
<body>
  <div class='ocr_page' id='page_1' title='image "./qhoratiusflaccu00linkgoog_0220.png"; bbox 0 0 2459 3959; ppageno 0'>
   <div class='ocr_carea' id='block_1_1' title="bbox 305 301 429 362">
    <p class='ocr_par' dir='ltr' id='par_1_1' title="bbox 305 301 429 362">
     <span class='ocr_line' id='line_1_1' title="bbox 305 301 429 362; baseline 0 0"><span class='ocrx_word' id='word_1_1' title='bbox 305 301 429 362; x_wconf 76' lang='lat'><strong>10⁰</strong></span> 
     </span>
    </p>
   </div>
   <div class='ocr_carea' id='block_1_2' title="bbox 340 1386 412 1438">
    <p class='ocr_par' dir='ltr' id='par_1_2' title="bbox 340 1386 412 1438">
     <span class='ocr_line' id='line_1_2' title="bbox 340 1386 412 1438; baseline 0.083 -6"><span class='ocrx_word' id='word_1_2' title='bbox 340 1386 412 1438; x_wconf 91' lang='grc'><strong>10</strong></span> 
     </span>
    </p>
   </div>
   <div class='ocr_carea' id='block_1_3' title="bbox 341 1811 413 1861">
    <p class='ocr_par' dir='ltr' id='par_1_3' title="bbox 341 1811 413 1861">
     <span class='ocr_line' id='line_1_3' title="bbox 341 1811 413 1861; baseline 0.028 -2"><span class='ocrx_word' id='word_1_3' title='bbox 341 1811 413 1861; x_wconf 84' lang='grc'><strong>15</strong></span> 
     </span>
    </p>
   </div>
   <div class='ocr_carea' id='block_1_4' title="bbox 334 2232 409 2285">
    <p class='ocr_par' dir='ltr' id='par_1_4' title="bbox 334 2232 409 2285">
     <span class='ocr_line' id='line_1_4' title="bbox 334 2232 409 2285; baseline 0 0"><span class='ocrx_word' id='word_1_4' title='bbox 334 2232 409 2285; x_wconf 81' lang='grc'><strong>20</strong></span> 
     </span>
    </p>
   </div>
   <div class='ocr_carea' id='block_1_5' title="bbox 331 2661 404 2711">
    <p class='ocr_par' dir='ltr' id='par_1_5' title="bbox 331 2661 404 2711">
     <span class='ocr_line' id='line_1_5' title="bbox 331 2661 404 2711; baseline 0 0"><span class='ocrx_word' id='word_1_5' title='bbox 331 2661 404 2711; x_wconf 81' lang='grc'><strong>25</strong></span> 
     </span>
    </p>
   </div>
   <div class='ocr_carea' id='block_1_6' title="bbox 327 3087 402 3138">
    <p class='ocr_par' dir='ltr' id='par_1_6' title="bbox 327 3087 402 3138">
     <span class='ocr_line' id='line_1_6' title="bbox 327 3087 402 3138; baseline 0 0"><span class='ocrx_word' id='word_1_6' title='bbox 327 3087 402 3138; x_wconf 80' lang='grc'><strong>30</strong></span> 
     </span>
    </p>
   </div>
   <div class='ocr_carea' id='block_1_7' title="bbox 334 3511 408 3561">
    <p class='ocr_par' dir='ltr' id='par_1_7' title="bbox 334 3511 408 3561">
     <span class='ocr_line' id='line_1_7' title="bbox 334 3511 408 3561; baseline -0.014 0"><span class='ocrx_word' id='word_1_7' title='bbox 334 3511 408 3561; x_wconf 80' lang='grc'><strong>35</strong></span> 
     </span>
    </p>
   </div>
   <div class='ocr_carea' id='block_1_8' title="bbox 1049 302 1523 518">
    <p class='ocr_par' dir='ltr' id='par_1_8' title="bbox 1049 302 1523 518">
     <span class='ocr_line' id='line_1_8' title="bbox 1049 302 1523 376; baseline -0.015 -12"><span class='ocrx_word' id='word_1_8' title='bbox 1049 302 1523 376; x_wconf 67' lang='lat' dir='ltr'><strong>SATIRARVM,</strong></span> 
     </span>
     <span class='ocr_line' id='line_1_9' title="bbox 1199 462 1346 518; baseline 0 -2"><span class='ocrx_word' id='word_1_9' title='bbox 1199 462 1346 518; x_wconf 85' lang='lat' dir='ltr'><strong>vm</strong></span> 
     </span>
    </p>
   </div>
   <div class='ocr_carea' id='block_1_9' title="bbox 445 605 2165 3583">
    <p class='ocr_par' dir='ltr' id='par_1_9' title="bbox 475 605 1899 677">
     <span class='ocr_line' id='line_1_10' title="bbox 475 605 1899 677; baseline -0.004 -12"><span class='ocrx_word' id='word_1_10' title='bbox 475 609 625 666; x_wconf 89' lang='lat' dir='ltr'><strong>Olim</strong></span> <span class='ocrx_word' id='word_1_11' title='bbox 670 617 896 664; x_wconf 89' lang='lat' dir='ltr'><strong>truncus</strong></span> <span class='ocrx_word' id='word_1_12' title='bbox 943 627 1092 664; x_wconf 85' lang='lat' dir='ltr'><strong>eram</strong></span> <span class='ocrx_word' id='word_1_13' title='bbox 1137 608 1385 675; x_wconf 73' lang='lat' dir='ltr'><strong>ficulnus,</strong></span> <span class='ocrx_word' id='word_1_14' title='bbox 1431 605 1627 661; x_wconf 85' lang='lat' dir='ltr'><strong>inutile</strong></span> <span class='ocrx_word' id='word_1_15' title='bbox 1671 605 1899 677; x_wconf 88' lang='lat' dir='ltr'><strong>lignum,</strong></span> 
     </span>
    </p>

    <p class='ocr_par' dir='ltr' id='par_1_10' title="bbox 464 691 2165 1108">
     <span class='ocr_line' id='line_1_11' title="bbox 475 691 2071 762; baseline -0.004 -12"><span class='ocrx_word' id='word_1_16' title='bbox 475 715 598 751; x_wconf 88' lang='lat' dir='ltr'><strong>cum</strong></span> <span class='ocrx_word' id='word_1_17' title='bbox 629 694 801 762; x_wconf 87' lang='lat' dir='ltr'><strong>faber,</strong></span> <span class='ocrx_word' id='word_1_18' title='bbox 848 693 1092 749; x_wconf 87' lang='lat' dir='ltr'><strong>incertus</strong></span> <span class='ocrx_word' id='word_1_19' title='bbox 1139 712 1421 748; x_wconf 81' lang='lat' dir='ltr'><strong>scamnum</strong></span> <span class='ocrx_word' id='word_1_20' title='bbox 1465 693 1743 747; x_wconf 79' lang='lat' dir='ltr'><strong>faceretne</strong></span> <span class='ocrx_word' id='word_1_21' title='bbox 1785 691 2071 762; x_wconf 82' lang='lat' dir='ltr'><strong>Priapum,</strong></span> 
     </span>
     <span class='ocr_line' id='line_1_12' title="bbox 465 777 2165 852; baseline -0.002 -16"><span class='ocrx_word' id='word_1_22' title='bbox 465 779 663 836; x_wconf 88' lang='lat' dir='ltr'><strong>maluit</strong></span> <span class='ocrx_word' id='word_1_23' title='bbox 707 798 827 834; x_wconf 84' lang='lat' dir='ltr'><strong>esse</strong></span> <span class='ocrx_word' id='word_1_24' title='bbox 873 783 1052 834; x_wconf 90' lang='lat' dir='ltr'><strong>deum.</strong></span> <span class='ocrx_word' id='word_1_25' title='bbox 1100 781 1237 834; x_wconf 88' lang='lat' dir='ltr'><strong>deus</strong></span> <span class='ocrx_word' id='word_1_26' title='bbox 1283 779 1412 833; x_wconf 87' lang='lat' dir='ltr'><strong>inde</strong></span> <span class='ocrx_word' id='word_1_27' title='bbox 1458 797 1583 850; x_wconf 86' lang='lat' dir='ltr'><strong>ego,</strong></span> <span class='ocrx_word' id='word_1_28' title='bbox 1627 777 1811 831; x_wconf 81' lang='lat' dir='ltr'><strong>surum</strong></span> <span class='ocrx_word' id='word_1_29' title='bbox 1856 777 2165 852; x_wconf 80' lang='lat' dir='ltr'><strong>aviumque</strong></span> 
     </span>
     <span class='ocr_line' id='line_1_13' title="bbox 465 864 1886 919; baseline -0.001 -1"><span class='ocrx_word' id='word_1_30' title='bbox 465 865 704 919; x_wconf 82' lang='lat' dir='ltr'><strong>maxima</strong></span> <span class='ocrx_word' id='word_1_31' title='bbox 747 865 1014 919; x_wconf 87' lang='lat' dir='ltr'><strong>formido:</strong></span> <span class='ocrx_word' id='word_1_32' title='bbox 1062 884 1188 919; x_wconf 87' lang='lat' dir='ltr'><strong>nam</strong></span> <span class='ocrx_word' id='word_1_33' title='bbox 1229 865 1381 919; x_wconf 84' lang='lat' dir='ltr'><strong>fures</strong></span> <span class='ocrx_word' id='word_1_34' title='bbox 1428 864 1623 918; x_wconf 85' lang='lat' dir='ltr'><strong>dextra</strong></span> <span class='ocrx_word' id='word_1_35' title='bbox 1666 870 1886 918; x_wconf 87' lang='lat' dir='ltr'><strong>coercet</strong></span> 
     </span>
     <span class='ocr_line' id='line_1_14' title="bbox 467 947 1997 1022; baseline -0.002 -18"><span class='ocrx_word' id='word_1_36' title='bbox 467 953 851 1022; x_wconf 87' lang='lat' dir='ltr'><strong>obscaenoque</strong></span> <span class='ocrx_word' id='word_1_37' title='bbox 893 952 1063 1004; x_wconf 88' lang='lat' dir='ltr'><strong>ruber</strong></span> <span class='ocrx_word' id='word_1_38' title='bbox 1105 958 1389 1022; x_wconf 87' lang='lat' dir='ltr'><strong>porrectus</strong></span> <span class='ocrx_word' id='word_1_39' title='bbox 1434 950 1503 1003; x_wconf 89' lang='lat' dir='ltr'><strong>ab</strong></span> <span class='ocrx_word' id='word_1_40' title='bbox 1547 948 1777 1020; x_wconf 87' lang='lat' dir='ltr'><strong>inguine</strong></span> <span class='ocrx_word' id='word_1_41' title='bbox 1821 947 1997 1019; x_wconf 71' lang='lat' dir='ltr'><strong>palae,</strong></span> 
     </span>
     <span class='ocr_line' id='line_1_15' title="bbox 464 1033 1828 1108; baseline -0.004 -17"><span class='ocrx_word' id='word_1_42' title='bbox 464 1044 551 1091; x_wconf 81' lang='lat' dir='ltr'><strong>ast</strong></span> <span class='ocrx_word' id='word_1_43' title='bbox 593 1036 922 1108; x_wconf 83' lang='lat' dir='ltr'><strong>inportunas</strong></span> <span class='ocrx_word' id='word_1_44' title='bbox 969 1035 1208 1090; x_wconf 88' lang='lat' dir='ltr'><strong>volucris</strong></span> <span class='ocrx_word' id='word_1_45' title='bbox 1255 1037 1313 1089; x_wconf 89' lang='lat' dir='ltr'><strong>in</strong></span> <span class='ocrx_word' id='word_1_46' title='bbox 1357 1033 1567 1089; x_wconf 81' lang='lat' dir='ltr'><strong>vertice</strong></span> <span class='ocrx_word' id='word_1_47' title='bbox 1610 1034 1828 1088; x_wconf 88' lang='lat' dir='ltr'><strong>arundo</strong></span> 
     </span>
    </p>

    <p class='ocr_par' dir='ltr' id='par_1_11' title="bbox 464 1117 1987 1364">
     <span class='ocr_line' id='line_1_16' title="bbox 465 1117 1987 1192; baseline -0.001 -17"><span class='ocrx_word' id='word_1_48' title='bbox 465 1129 641 1175; x_wconf 89' lang='lat' dir='ltr'><strong>terret</strong></span> <span class='ocrx_word' id='word_1_49' title='bbox 682 1121 794 1176; x_wconf 85' lang='lat' dir='ltr'><strong>fixa</strong></span> <span class='ocrx_word' id='word_1_50' title='bbox 837 1130 1097 1192; x_wconf 85' lang='lat' dir='ltr'><strong>vetatque</strong></span> <span class='ocrx_word' id='word_1_51' title='bbox 1144 1119 1303 1176; x_wconf 86' lang='lat' dir='ltr'><strong>novis</strong></span> <span class='ocrx_word' id='word_1_52' title='bbox 1350 1120 1640 1174; x_wconf 82' lang='lat' dir='ltr'><strong>considere</strong></span> <span class='ocrx_word' id='word_1_53' title='bbox 1685 1120 1743 1172; x_wconf 90' lang='lat' dir='ltr'><strong>in</strong></span> <span class='ocrx_word' id='word_1_54' title='bbox 1786 1117 1987 1174; x_wconf 85' lang='lat' dir='ltr'><strong>hortis.</strong></span> 
     </span>
     <span class='ocr_line' id='line_1_17' title="bbox 464 1204 1809 1278; baseline -0.001 -18"><span class='ocrx_word' id='word_1_55' title='bbox 464 1207 572 1260; x_wconf 90' lang='lat' dir='ltr'><strong>huc</strong></span> <span class='ocrx_word' id='word_1_56' title='bbox 616 1206 769 1278; x_wconf 88' lang='lat' dir='ltr'><strong>prius</strong></span> <span class='ocrx_word' id='word_1_57' title='bbox 815 1207 1068 1278; x_wconf 80' lang='lat' dir='ltr'><strong>angustis</strong></span> <span class='ocrx_word' id='word_1_58' title='bbox 1115 1205 1295 1261; x_wconf 89' lang='lat' dir='ltr'><strong>eiecta</strong></span> <span class='ocrx_word' id='word_1_59' title='bbox 1339 1207 1610 1260; x_wconf 86' lang='lat' dir='ltr'><strong>cadavera</strong></span> <span class='ocrx_word' id='word_1_60' title='bbox 1655 1204 1809 1258; x_wconf 88' lang='lat' dir='ltr'><strong>cellis</strong></span> 
     </span>
     <span class='ocr_line' id='line_1_18' title="bbox 464 1289 1780 1364; baseline -0.002 -18"><span class='ocrx_word' id='word_1_61' title='bbox 464 1309 759 1346; x_wconf 85' lang='lat' dir='ltr'><strong>conservus</strong></span> <span class='ocrx_word' id='word_1_62' title='bbox 805 1291 902 1346; x_wconf 84' lang='lat' dir='ltr'><strong>vili</strong></span> <span class='ocrx_word' id='word_1_63' title='bbox 947 1293 1218 1364; x_wconf 85' lang='lat' dir='ltr'><strong>portanda</strong></span> <span class='ocrx_word' id='word_1_64' title='bbox 1261 1292 1482 1345; x_wconf 84' lang='lat' dir='ltr'><strong>locabat</strong></span> <span class='ocrx_word' id='word_1_65' title='bbox 1524 1289 1583 1344; x_wconf 91' lang='lat' dir='ltr'><strong>in</strong></span> <span class='ocrx_word' id='word_1_66' title='bbox 1629 1307 1780 1358; x_wconf 84' lang='lat' dir='ltr'><strong>arca;</strong></span> 
     </span>
    </p>

    <p class='ocr_par' dir='ltr' id='par_1_12' title="bbox 457 1375 1969 1533">
     <span class='ocr_line' id='line_1_19' title="bbox 460 1375 1969 1449; baseline -0.001 -19"><span class='ocrx_word' id='word_1_67' title='bbox 460 1377 568 1431; x_wconf 90' lang='lat' dir='ltr'><strong>hoc</strong></span> <span class='ocrx_word' id='word_1_68' title='bbox 611 1377 850 1431; x_wconf 78' lang='lat' dir='ltr'><strong>miserae</strong></span> <span class='ocrx_word' id='word_1_69' title='bbox 893 1377 1047 1449; x_wconf 90' lang='lat' dir='ltr'><strong>plebi</strong></span> <span class='ocrx_word' id='word_1_70' title='bbox 1092 1377 1277 1430; x_wconf 86' lang='lat' dir='ltr'><strong>stabat</strong></span> <span class='ocrx_word' id='word_1_71' title='bbox 1321 1393 1608 1431; x_wconf 89' lang='lat' dir='ltr'><strong>commune</strong></span> <span class='ocrx_word' id='word_1_72' title='bbox 1654 1375 1969 1446; x_wconf 86' lang='lat' dir='ltr'><strong>sepulcrum</strong></span> 
     </span>
     <span class='ocr_line' id='line_1_20' title="bbox 457 1459 1787 1533; baseline -0.003 -17"><span class='ocrx_word' id='word_1_73' title='bbox 457 1462 766 1517; x_wconf 83' lang='lat' dir='ltr'>Pantolabo</span> <span class='ocrx_word' id='word_1_74' title='bbox 811 1480 1031 1516; x_wconf 85' lang='lat' dir='ltr'><strong>scurrae</strong></span> <span class='ocrx_word' id='word_1_75' title='bbox 1073 1461 1538 1533; x_wconf 84' lang='lat' dir='ltr'><strong>Nomentanoque</strong></span> <span class='ocrx_word' id='word_1_76' title='bbox 1583 1459 1787 1531; x_wconf 89' lang='lat' dir='ltr'><strong>nepoti.</strong></span> 
     </span>
    </p>

    <p class='ocr_par' dir='ltr' id='par_1_13' title="bbox 458 1544 2082 1959">
     <span class='ocr_line' id='line_1_21' title="bbox 458 1544 2082 1620; baseline 0.001 -20"><span class='ocrx_word' id='word_1_77' title='bbox 458 1547 611 1602; x_wconf 88' lang='lat' dir='ltr'><strong>mille</strong></span> <span class='ocrx_word' id='word_1_78' title='bbox 655 1549 826 1620; x_wconf 86' lang='lat' dir='ltr'><strong>pedes</strong></span> <span class='ocrx_word' id='word_1_79' title='bbox 870 1547 929 1600; x_wconf 91' lang='lat' dir='ltr'><strong>in</strong></span> <span class='ocrx_word' id='word_1_80' title='bbox 973 1547 1174 1614; x_wconf 83' lang='lat' dir='ltr'><strong>fronte,</strong></span> <span class='ocrx_word' id='word_1_81' title='bbox 1220 1555 1499 1602; x_wconf 88' lang='lat' dir='ltr'><strong>trecentos</strong></span> <span class='ocrx_word' id='word_1_82' title='bbox 1545 1545 1739 1617; x_wconf 81' lang='lat' dir='ltr'><strong>cippus</strong></span> <span class='ocrx_word' id='word_1_83' title='bbox 1784 1544 1843 1599; x_wconf 91' lang='lat' dir='ltr'><strong>in</strong></span> <span class='ocrx_word' id='word_1_84' title='bbox 1888 1564 2082 1618; x_wconf 87' lang='lat' dir='ltr'><strong>agrum</strong></span> 
     </span>
     <span class='ocr_line' id='line_1_22' title="bbox 458 1631 2033 1701; baseline 0.001 -16"><span class='ocrx_word' id='word_1_85' title='bbox 458 1631 548 1686; x_wconf 89' lang='lat' dir='ltr'><strong>hic</strong></span> <span class='ocrx_word' id='word_1_86' title='bbox 595 1634 788 1700; x_wconf 87' lang='lat' dir='ltr'><strong>dabat;</strong></span> <span class='ocrx_word' id='word_1_87' title='bbox 835 1633 1069 1686; x_wconf 87' lang='lat' dir='ltr'><strong>heredes</strong></span> <span class='ocrx_word' id='word_1_88' title='bbox 1113 1640 1524 1686; x_wconf 88' lang='lat' dir='ltr'><strong>monumentum</strong></span> <span class='ocrx_word' id='word_1_89' title='bbox 1568 1649 1639 1684; x_wconf 89' lang='lat' dir='ltr'><strong>ne</strong></span> <span class='ocrx_word' id='word_1_90' title='bbox 1685 1643 2033 1701; x_wconf 82' lang='lat' dir='ltr'><strong>sequeretur.</strong></span> 
     </span>
     <span class='ocr_line' id='line_1_23' title="bbox 458 1715 1971 1790; baseline -0.001 -19"><span class='ocrx_word' id='word_1_91' title='bbox 458 1735 606 1772; x_wconf 89' lang='lat' dir='ltr'><strong>nunc</strong></span> <span class='ocrx_word' id='word_1_92' title='bbox 649 1717 779 1771; x_wconf 90' lang='lat' dir='ltr'><strong>licet</strong></span> <span class='ocrx_word' id='word_1_93' title='bbox 821 1717 1098 1790; x_wconf 84' lang='lat' dir='ltr'><strong>Exquiliis</strong></span> <span class='ocrx_word' id='word_1_94' title='bbox 1144 1717 1393 1772; x_wconf 86' lang='lat' dir='ltr'><strong>habitare</strong></span> <span class='ocrx_word' id='word_1_95' title='bbox 1440 1715 1754 1771; x_wconf 80' lang='lat' dir='ltr'><strong>salubribus</strong></span> <span class='ocrx_word' id='word_1_96' title='bbox 1800 1725 1971 1788; x_wconf 86' lang='lat' dir='ltr'><strong>atque</strong></span> 
     </span>
     <span class='ocr_line' id='line_1_24' title="bbox 463 1800 1898 1875; baseline -0.001 -20"><span class='ocrx_word' id='word_1_97' title='bbox 463 1820 669 1874; x_wconf 79' lang='lat' dir='ltr'><strong>aggere</strong></span> <span class='ocrx_word' id='word_1_98' title='bbox 714 1800 770 1855; x_wconf 90' lang='lat' dir='ltr'><strong>in</strong></span> <span class='ocrx_word' id='word_1_99' title='bbox 815 1802 1002 1873; x_wconf 85' lang='lat' dir='ltr'><strong>aprico</strong></span> <span class='ocrx_word' id='word_1_100' title='bbox 1049 1802 1296 1874; x_wconf 85' lang='lat' dir='ltr'><strong>spatiari,</strong></span> <span class='ocrx_word' id='word_1_101' title='bbox 1344 1820 1453 1875; x_wconf 87' lang='lat' dir='ltr'><strong>quo</strong></span> <span class='ocrx_word' id='word_1_102' title='bbox 1499 1803 1664 1856; x_wconf 89' lang='lat' dir='ltr'><strong>modo</strong></span> <span class='ocrx_word' id='word_1_103' title='bbox 1710 1800 1898 1855; x_wconf 77' lang='lat' dir='ltr'><strong>tristes</strong></span> 
     </span>
     <span class='ocr_line' id='line_1_25' title="bbox 461 1887 1833 1959; baseline -0.002 -17"><span class='ocrx_word' id='word_1_104' title='bbox 461 1887 601 1942; x_wconf 82' lang='lat' dir='ltr'><strong>albis</strong></span> <span class='ocrx_word' id='word_1_105' title='bbox 647 1887 937 1942; x_wconf 86' lang='lat' dir='ltr'><strong>informem</strong></span> <span class='ocrx_word' id='word_1_106' title='bbox 983 1891 1307 1959; x_wconf 84' lang='lat' dir='ltr'><strong>spectabant</strong></span> <span class='ocrx_word' id='word_1_107' title='bbox 1353 1887 1569 1942; x_wconf 84' lang='lat' dir='ltr'><strong>ossibus</strong></span> <span class='ocrx_word' id='word_1_108' title='bbox 1614 1905 1833 1957; x_wconf 87' lang='lat' dir='ltr'><strong>agrum;</strong></span> 
     </span>
    </p>

    <p class='ocr_par' dir='ltr' id='par_1_14' title="bbox 456 1972 2051 2300">
     <span class='ocr_line' id='line_1_26' title="bbox 459 1972 2026 2044; baseline -0.001 -17"><span class='ocrx_word' id='word_1_109' title='bbox 459 1992 584 2027; x_wconf 91' lang='lat' dir='ltr'><strong>cum</strong></span> <span class='ocrx_word' id='word_1_110' title='bbox 626 1972 761 2027; x_wconf 89' lang='lat' dir='ltr'><strong>mibi</strong></span> <span class='ocrx_word' id='word_1_111' title='bbox 807 1991 918 2028; x_wconf 91' lang='lat' dir='ltr'><strong>non</strong></span> <span class='ocrx_word' id='word_1_112' title='bbox 963 1980 1179 2027; x_wconf 86' lang='lat' dir='ltr'><strong>tantum</strong></span> <span class='ocrx_word' id='word_1_113' title='bbox 1222 1973 1483 2044; x_wconf 86' lang='lat' dir='ltr'><strong>furesque</strong></span> <span class='ocrx_word' id='word_1_114' title='bbox 1528 1972 1789 2043; x_wconf 85' lang='lat' dir='ltr'><strong>feraeque</strong></span> <span class='ocrx_word' id='word_1_115' title='bbox 1835 1978 2026 2026; x_wconf 86' lang='lat' dir='ltr'><strong>suetae</strong></span> 
     </span>
     <span class='ocr_line' id='line_1_27' title="bbox 458 2055 1920 2130; baseline -0.002 -18"><span class='ocrx_word' id='word_1_116' title='bbox 458 2059 604 2112; x_wconf 90' lang='lat' dir='ltr'><strong>hunc</strong></span> <span class='ocrx_word' id='word_1_117' title='bbox 649 2075 852 2112; x_wconf 82' lang='lat' dir='ltr'><strong>vexare</strong></span> <span class='ocrx_word' id='word_1_118' title='bbox 896 2059 1080 2113; x_wconf 91' lang='lat' dir='ltr'><strong>locum</strong></span> <span class='ocrx_word' id='word_1_119' title='bbox 1123 2077 1291 2113; x_wconf 89' lang='lat' dir='ltr'><strong>curae</strong></span> <span class='ocrx_word' id='word_1_120' title='bbox 1336 2065 1468 2114; x_wconf 88' lang='lat' dir='ltr'><strong>sunt</strong></span> <span class='ocrx_word' id='word_1_121' title='bbox 1511 2065 1678 2130; x_wconf 88' lang='lat' dir='ltr'><strong>atque</strong></span> <span class='ocrx_word' id='word_1_122' title='bbox 1723 2055 1920 2127; x_wconf 87' lang='lat' dir='ltr'><strong>labori,</strong></span> 
     </span>
     <span class='ocr_line' id='line_1_28' title="bbox 458 2142 2051 2215; baseline -0.001 -18"><span class='ocrx_word' id='word_1_123' title='bbox 458 2151 726 2214; x_wconf 89' lang='lat' dir='ltr'><strong>quantum</strong></span> <span class='ocrx_word' id='word_1_124' title='bbox 773 2144 1106 2198; x_wconf 84' lang='lat' dir='ltr'><strong>carminibus</strong></span> <span class='ocrx_word' id='word_1_125' title='bbox 1153 2162 1297 2215; x_wconf 87' lang='lat' dir='ltr'><strong>quae</strong></span> <span class='ocrx_word' id='word_1_126' title='bbox 1341 2152 1569 2198; x_wconf 84' lang='lat' dir='ltr'><strong>versant</strong></span> <span class='ocrx_word' id='word_1_127' title='bbox 1611 2151 1778 2213; x_wconf 87' lang='lat' dir='ltr'><strong>atque</strong></span> <span class='ocrx_word' id='word_1_128' title='bbox 1822 2142 2051 2196; x_wconf 81' lang='lat' dir='ltr'><strong>venenis</strong></span> 
     </span>
     <span class='ocr_line' id='line_1_29' title="bbox 456 2229 1901 2300; baseline -0.001 -18"><span class='ocrx_word' id='word_1_129' title='bbox 456 2229 723 2283; x_wconf 87' lang='lat' dir='ltr'><strong>humanos</strong></span> <span class='ocrx_word' id='word_1_130' title='bbox 771 2229 1007 2284; x_wconf 86' lang='lat' dir='ltr'><strong>animos:</strong></span> <span class='ocrx_word' id='word_1_131' title='bbox 1054 2230 1153 2284; x_wconf 87' lang='lat' dir='ltr'><strong>has</strong></span> <span class='ocrx_word' id='word_1_132' title='bbox 1201 2229 1353 2284; x_wconf 91' lang='lat' dir='ltr'><strong>nullo</strong></span> <span class='ocrx_word' id='word_1_133' title='bbox 1396 2230 1632 2300; x_wconf 87' lang='lat' dir='ltr'><strong>perdere</strong></span> <span class='ocrx_word' id='word_1_134' title='bbox 1677 2246 1901 2298; x_wconf 86' lang='lat' dir='ltr'><strong>possum</strong></span> 
     </span>
    </p>

    <p class='ocr_par' dir='ltr' id='par_1_15' title="bbox 453 2313 2110 2644">
     <span class='ocr_line' id='line_1_30' title="bbox 456 2313 2110 2385; baseline 0.004 -19"><span class='ocrx_word' id='word_1_135' title='bbox 456 2331 559 2367; x_wconf 89' lang='lat' dir='ltr'><strong>nec</strong></span> <span class='ocrx_word' id='word_1_136' title='bbox 603 2313 900 2384; x_wconf 89' lang='lat' dir='ltr'><strong>probibere</strong></span> <span class='ocrx_word' id='word_1_137' title='bbox 945 2316 1127 2382; x_wconf 89' lang='lat' dir='ltr'><strong>mod0,</strong></span> <span class='ocrx_word' id='word_1_138' title='bbox 1173 2314 1335 2368; x_wconf 89' lang='lat' dir='ltr'><strong>simul</strong></span> <span class='ocrx_word' id='word_1_139' title='bbox 1381 2333 1444 2368; x_wconf 89' lang='lat' dir='ltr'><strong>ac</strong></span> <span class='ocrx_word' id='word_1_140' title='bbox 1487 2332 1628 2385; x_wconf 85' lang='lat' dir='ltr'><strong>vaga</strong></span> <span class='ocrx_word' id='word_1_141' title='bbox 1669 2313 1801 2367; x_wconf 87' lang='lat' dir='ltr'><strong>luna</strong></span> <span class='ocrx_word' id='word_1_142' title='bbox 1846 2314 2110 2371; x_wconf 89' lang='lat' dir='ltr'><strong>decorum</strong></span> 
     </span>
     <span class='ocr_line' id='line_1_31' title="bbox 454 2399 2068 2472; baseline 0.002 -20"><span class='ocrx_word' id='word_1_143' title='bbox 454 2399 688 2471; x_wconf 87' lang='lat' dir='ltr'><strong>protulit</strong></span> <span class='ocrx_word' id='word_1_144' title='bbox 731 2416 810 2467; x_wconf 74' lang='grc' dir='ltr'><strong>οε,</strong></span> <span class='ocrx_word' id='word_1_145' title='bbox 858 2399 992 2472; x_wconf 91' lang='lat' dir='ltr'><strong>quin</strong></span> <span class='ocrx_word' id='word_1_146' title='bbox 1035 2418 1159 2453; x_wconf 88' lang='lat' dir='ltr'><strong>ossa</strong></span> <span class='ocrx_word' id='word_1_147' title='bbox 1204 2399 1394 2470; x_wconf 89' lang='lat' dir='ltr'><strong>legant</strong></span> <span class='ocrx_word' id='word_1_148' title='bbox 1436 2400 1750 2470; x_wconf 86' lang='lat' dir='ltr'><strong>herbasque</strong></span> <span class='ocrx_word' id='word_1_149' title='bbox 1794 2399 2068 2455; x_wconf 87' lang='lat' dir='ltr'><strong>nocentis.</strong></span> 
     </span>
     <span class='ocr_line' id='line_1_32' title="bbox 453 2482 1855 2556; baseline 0.001 -19"><span class='ocrx_word' id='word_1_150' title='bbox 453 2482 569 2539; x_wconf 85' lang='lat' dir='ltr'><strong>vidi</strong></span> <span class='ocrx_word' id='word_1_151' title='bbox 613 2492 838 2554; x_wconf 87' lang='lat' dir='ltr'><strong>egomet</strong></span> <span class='ocrx_word' id='word_1_152' title='bbox 881 2485 1041 2556; x_wconf 89' lang='lat' dir='ltr'><strong>nigra</strong></span> <span class='ocrx_word' id='word_1_153' title='bbox 1085 2484 1417 2540; x_wconf 84' lang='lat' dir='ltr'><strong>succinctam</strong></span> <span class='ocrx_word' id='word_1_154' title='bbox 1459 2486 1661 2540; x_wconf 81' lang='lat' dir='ltr'><strong>vadere</strong></span> <span class='ocrx_word' id='word_1_155' title='bbox 1702 2483 1855 2556; x_wconf 87' lang='lat' dir='ltr'><strong>palla</strong></span> 
     </span>
     <span class='ocr_line' id='line_1_33' title="bbox 455 2567 1849 2644; baseline -0.001 -20"><span class='ocrx_word' id='word_1_156' title='bbox 455 2567 764 2638; x_wconf 83' lang='lat' dir='ltr'><strong>Canidiam,</strong></span> <span class='ocrx_word' id='word_1_157' title='bbox 809 2571 1048 2641; x_wconf 87' lang='lat' dir='ltr'><strong>pedibus</strong></span> <span class='ocrx_word' id='word_1_158' title='bbox 1094 2570 1258 2625; x_wconf 87' lang='lat' dir='ltr'><strong>nudis</strong></span> <span class='ocrx_word' id='word_1_159' title='bbox 1304 2589 1581 2644; x_wconf 83' lang='lat' dir='ltr'><strong>passoque</strong></span> <span class='ocrx_word' id='word_1_160' title='bbox 1627 2569 1849 2642; x_wconf 84' lang='lat' dir='ltr'><strong>capi110‚</strong></span> 
     </span>
    </p>

    <p class='ocr_par' dir='ltr' id='par_1_16' title="bbox 450 2654 1994 3069">
     <span class='ocr_line' id='line_1_34' title="bbox 455 2654 1994 2729; baseline 0.002 -21"><span class='ocrx_word' id='word_1_161' title='bbox 455 2671 580 2708; x_wconf 92' lang='lat' dir='ltr'><strong>cum</strong></span> <span class='ocrx_word' id='word_1_162' title='bbox 625 2654 845 2726; x_wconf 88' lang='lat' dir='ltr'><strong>Sagana</strong></span> <span class='ocrx_word' id='word_1_163' title='bbox 886 2655 1092 2709; x_wconf 90' lang='lat' dir='ltr'><strong>maiore</strong></span> <span class='ocrx_word' id='word_1_164' title='bbox 1137 2656 1460 2711; x_wconf 89' lang='lat' dir='ltr'><strong>ululantem.</strong></span> <span class='ocrx_word' id='word_1_165' title='bbox 1506 2654 1686 2728; x_wconf 88' lang='lat' dir='ltr'><strong>pallor</strong></span> <span class='ocrx_word' id='word_1_166' title='bbox 1731 2664 1994 2729; x_wconf 86' lang='lat' dir='ltr'><strong>utrasque</strong></span> 
     </span>
     <span class='ocr_line' id='line_1_35' title="bbox 454 2740 1894 2813; baseline 0.001 -19"><span class='ocrx_word' id='word_1_167' title='bbox 454 2740 664 2795; x_wconf 87' lang='lat' dir='ltr'><strong>fecerat</strong></span> <span class='ocrx_word' id='word_1_168' title='bbox 707 2741 1010 2794; x_wconf 87' lang='lat' dir='ltr'><strong>horrendas</strong></span> <span class='ocrx_word' id='word_1_169' title='bbox 1055 2741 1346 2811; x_wconf 85' lang='lat' dir='ltr'><strong>adspectu.</strong></span> <span class='ocrx_word' id='word_1_170' title='bbox 1394 2741 1644 2813; x_wconf 86' lang='lat' dir='ltr'><strong>scalpere</strong></span> <span class='ocrx_word' id='word_1_171' title='bbox 1688 2749 1894 2796; x_wconf 87' lang='lat' dir='ltr'><strong>terram</strong></span> 
     </span>
     <span class='ocr_line' id='line_1_36' title="bbox 453 2824 1957 2898; baseline 0.001 -19"><span class='ocrx_word' id='word_1_172' title='bbox 453 2824 732 2898; x_wconf 84' lang='lat' dir='ltr'><strong>unguibus</strong></span> <span class='ocrx_word' id='word_1_173' title='bbox 777 2834 832 2880; x_wconf 89' lang='lat' dir='ltr'><strong>et</strong></span> <span class='ocrx_word' id='word_1_174' title='bbox 875 2825 1082 2897; x_wconf 86' lang='lat' dir='ltr'><strong>pullam</strong></span> <span class='ocrx_word' id='word_1_175' title='bbox 1129 2826 1393 2884; x_wconf 89' lang='lat' dir='ltr'><strong>divellere</strong></span> <span class='ocrx_word' id='word_1_176' title='bbox 1436 2827 1713 2882; x_wconf 88' lang='lat' dir='ltr'><strong>mordicus</strong></span> <span class='ocrx_word' id='word_1_177' title='bbox 1759 2845 1957 2898; x_wconf 87' lang='lat' dir='ltr'><strong>agnam</strong></span> 
     </span>
     <span class='ocr_line' id='line_1_37' title="bbox 453 2910 1942 2982; baseline 0.001 -16"><span class='ocrx_word' id='word_1_178' title='bbox 453 2918 782 2982; x_wconf 88' lang='lat' dir='ltr'><strong>coeperunt:</strong></span> <span class='ocrx_word' id='word_1_179' title='bbox 831 2928 992 2965; x_wconf 89' lang='lat' dir='ltr'><strong>cruor</strong></span> <span class='ocrx_word' id='word_1_180' title='bbox 1035 2912 1091 2965; x_wconf 88' lang='lat' dir='ltr'><strong>in</strong></span> <span class='ocrx_word' id='word_1_181' title='bbox 1137 2913 1338 2966; x_wconf 86' lang='lat' dir='ltr'><strong>fossam</strong></span> <span class='ocrx_word' id='word_1_182' title='bbox 1383 2914 1658 2979; x_wconf 73' lang='lat' dir='ltr'><strong>confusu8‚</strong></span> <span class='ocrx_word' id='word_1_183' title='bbox 1707 2919 1767 2966; x_wconf 91' lang='lat' dir='ltr'><strong>ut</strong></span> <span class='ocrx_word' id='word_1_184' title='bbox 1808 2910 1942 2968; x_wconf 88' lang='lat' dir='ltr'><strong>inde</strong></span> 
     </span>
     <span class='ocr_line' id='line_1_38' title="bbox 450 2995 1794 3069; baseline 0.001 -18"><span class='ocrx_word' id='word_1_185' title='bbox 450 2997 626 3052; x_wconf 85' lang='lat' dir='ltr'><strong>manis</strong></span> <span class='ocrx_word' id='word_1_186' title='bbox 673 2997 941 3052; x_wconf 86' lang='lat' dir='ltr'><strong>elicerent</strong></span> <span class='ocrx_word' id='word_1_187' title='bbox 985 2996 1192 3051; x_wconf 82' lang='lat' dir='ltr'><strong>animas</strong></span> <span class='ocrx_word' id='word_1_188' title='bbox 1237 3017 1506 3069; x_wconf 89' lang='lat' dir='ltr'><strong>responsa</strong></span> <span class='ocrx_word' id='word_1_189' title='bbox 1534 2995 1794 3052; x_wconf 69' lang='lat' dir='ltr'><strong>daturas.</strong></span> 
     </span>
    </p>

    <p class='ocr_par' dir='ltr' id='par_1_17' title="bbox 450 3081 1827 3153">
     <span class='ocr_line' id='line_1_39' title="bbox 450 3081 1827 3153; baseline 0.001 -18"><span class='ocrx_word' id='word_1_190' title='bbox 450 3083 610 3136; x_wconf 85' lang='lat' dir='ltr'><strong>lanea</strong></span> <span class='ocrx_word' id='word_1_191' title='bbox 654 3090 710 3136; x_wconf 90' lang='lat' dir='ltr'><strong>et</strong></span> <span class='ocrx_word' id='word_1_192' title='bbox 753 3081 964 3153; x_wconf 85' lang='lat' dir='ltr'><strong>effigies</strong></span> <span class='ocrx_word' id='word_1_193' title='bbox 1009 3089 1148 3151; x_wconf 85' lang='lat' dir='ltr'><strong>erat,</strong></span> <span class='ocrx_word' id='word_1_194' title='bbox 1194 3083 1373 3137; x_wconf 82' lang='lat' dir='ltr'><strong>altera</strong></span> <span class='ocrx_word' id='word_1_195' title='bbox 1416 3101 1606 3138; x_wconf 86' lang='lat' dir='ltr'><strong>cerea:</strong></span> <span class='ocrx_word' id='word_1_196' title='bbox 1650 3081 1827 3136; x_wconf 87' lang='lat' dir='ltr'><strong>maior</strong></span> 
     </span>
    </p>

    <p class='ocr_par' dir='ltr' id='par_1_18' title="bbox 447 3166 1858 3240">
     <span class='ocr_line' id='line_1_40' title="bbox 447 3166 1858 3240; baseline -0.001 -19"><span class='ocrx_word' id='word_1_197' title='bbox 447 3168 622 3234; x_wconf 87' lang='lat' dir='ltr'><strong>lanea,</strong></span> <span class='ocrx_word' id='word_1_198' title='bbox 671 3184 813 3239; x_wconf 89' lang='lat' dir='ltr'><strong>quae</strong></span> <span class='ocrx_word' id='word_1_199' title='bbox 857 3166 1051 3238; x_wconf 85' lang='lat' dir='ltr'><strong>poenis</strong></span> <span class='ocrx_word' id='word_1_200' title='bbox 1099 3177 1464 3240; x_wconf 87' lang='lat' dir='ltr'><strong>conpesceret</strong></span> <span class='ocrx_word' id='word_1_201' title='bbox 1506 3167 1858 3237; x_wconf 80' lang='lat' dir='ltr'><strong>inferiorem3</strong></span> 
     </span>
    </p>

    <p class='ocr_par' dir='ltr' id='par_1_19' title="bbox 450 3251 1865 3324">
     <span class='ocr_line' id='line_1_41' title="bbox 450 3251 1865 3324; baseline 0.001 -18"><span class='ocrx_word' id='word_1_202' title='bbox 450 3269 613 3306; x_wconf 85' lang='lat' dir='ltr'><strong>cerea</strong></span> <span class='ocrx_word' id='word_1_203' title='bbox 658 3251 984 3323; x_wconf 89' lang='lat' dir='ltr'><strong>suppliciter</strong></span> <span class='ocrx_word' id='word_1_204' title='bbox 1028 3254 1227 3320; x_wconf 86' lang='lat' dir='ltr'><strong>stabat,</strong></span> <span class='ocrx_word' id='word_1_205' title='bbox 1275 3253 1567 3308; x_wconf 84' lang='lat' dir='ltr'><strong>servilibus</strong></span> <span class='ocrx_word' id='word_1_206' title='bbox 1613 3261 1675 3307; x_wconf 90' lang='lat' dir='ltr'><strong>ut</strong></span> <span class='ocrx_word' id='word_1_207' title='bbox 1720 3271 1865 3324; x_wconf 88' lang='lat' dir='ltr'><strong>quae</strong></span> 
     </span>
    </p>

    <p class='ocr_par' dir='ltr' id='par_1_20' title="bbox 445 3337 2095 3583">
     <span class='ocr_line' id='line_1_42' title="bbox 446 3337 2095 3408; baseline 0.004 -19"><span class='ocrx_word' id='word_1_208' title='bbox 446 3337 557 3390; x_wconf 85' lang='lat' dir='ltr'><strong>iam</strong></span> <span class='ocrx_word' id='word_1_209' title='bbox 598 3337 846 3408; x_wconf 85' lang='lat' dir='ltr'><strong>peritura</strong></span> <span class='ocrx_word' id='word_1_210' title='bbox 888 3337 1084 3393; x_wconf 87' lang='lat' dir='ltr'><strong>modis.</strong></span> <span class='ocrx_word' id='word_1_211' title='bbox 1129 3339 1382 3393; x_wconf 88' lang='lat' dir='ltr'><strong>Hecaten</strong></span> <span class='ocrx_word' id='word_1_212' title='bbox 1427 3347 1593 3393; x_wconf 82' lang='lat' dir='ltr'><strong>vocat</strong></span> <span class='ocrx_word' id='word_1_213' title='bbox 1636 3339 1827 3406; x_wconf 87' lang='lat' dir='ltr'><strong>altera,</strong></span> <span class='ocrx_word' id='word_1_214' title='bbox 1873 3355 2095 3396; x_wconf 78' lang='lat' dir='ltr'><strong>saevam</strong></span> 
     </span>
     <span class='ocr_line' id='line_1_43' title="bbox 445 3421 1824 3496; baseline 0.003 -21"><span class='ocrx_word' id='word_1_215' title='bbox 445 3422 620 3476; x_wconf 86' lang='lat' dir='ltr'><strong>altera</strong></span> <span class='ocrx_word' id='word_1_216' title='bbox 663 3421 1025 3492; x_wconf 83' lang='lat' dir='ltr'><strong>Tisiphonen.</strong></span> <span class='ocrx_word' id='word_1_217' title='bbox 1073 3424 1349 3494; x_wconf 86' lang='lat' dir='ltr'><strong>serpentis</strong></span> <span class='ocrx_word' id='word_1_218' title='bbox 1394 3433 1561 3496; x_wconf 85' lang='lat' dir='ltr'><strong>atque</strong></span> <span class='ocrx_word' id='word_1_219' title='bbox 1605 3424 1824 3479; x_wconf 83' lang='lat' dir='ltr'><strong>videres</strong></span> 
     </span>
     <span class='ocr_line' id='line_1_44' title="bbox 457 3506 1849 3583; baseline 0.001 -21"><span class='ocrx_word' id='word_1_220' title='bbox 457 3506 698 3562; x_wconf 82' lang='lat' dir='ltr'><strong>infernas</strong></span> <span class='ocrx_word' id='word_1_221' title='bbox 743 3523 928 3562; x_wconf 85' lang='lat' dir='ltr'><strong>errare</strong></span> <span class='ocrx_word' id='word_1_222' title='bbox 973 3525 1152 3578; x_wconf 77' lang='lat' dir='ltr'><strong>cauce,</strong></span> <span class='ocrx_word' id='word_1_223' title='bbox 1197 3509 1494 3583; x_wconf 87' lang='lat' dir='ltr'><strong>lunamque</strong></span> <span class='ocrx_word' id='word_1_224' title='bbox 1537 3511 1849 3582; x_wconf 85' lang='lat' dir='ltr'><strong>rubentem,</strong></span> 
     </span>
    </p>
   </div>
  </div>
 </body>
</html>
