2459 3959
850 324 1083 380 LlnER
1134 324 1185 379 1.
1240 328 1486 380 17-—18
2022 311 2151 383 225

192 484 272 535 55
323 486 459 535 nota
498 477 671 533 refert
713 477 1023 534 meretricis
1068 478 1347 547 acumina,
1396 495 1565 552 saepe
1611 480 1868 535 catellam

314 580 484 636 saepe
525 562 916 634 periscelidem
958 573 1178 635 raptam
1224 564 1332 619 sibi
1375 566 1585 635 flentis,
1633 566 1718 620 uti
1761 584 1895 621 mox

310 649 465 704 nulla
505 649 645 703 fides
690 649 906 705 damnis
948 648 1209 722 verisque
1257 650 1549 706 doloribus
1595 652 1762 709 adsit.

309 751 415 790 nec
456 734 631 789 semel
672 733 881 789 inrisus
924 734 1108 790 triviis
1154 735 1418 791 attollere
1463 745 1622 791 curat

308 822 485 875 fracto
530 837 691 875 crure
732 820 981 892 planum.
1025 821 1161 875 licet
1202 820 1290 875 illi
1332 822 1570 894 plurima
1615 830 1804 877 manet

188 910 264 959 60
318 905 564 973 lacrima,
609 923 713 977 per
753 917 1007 962 sanctum
1051 906 1268 961 iuratus
1313 908 1464 963 dicat
1509 906 1716 963 Osirim

313 992 561 1058 ‘cr-edite,
607 1008 723 1049 non
767 991 933 1045 ludo:
980 992 1260 1059 crudeles,
1307 992 1494 1048 tollite
1541 992 1842 1047 claudum.'

316 1073 542 1148 ‘quaere
582 1075 961 1149 peregrinum'
1005 1077 1212 1131 vicinia
1253 1095 1422 1133 rauca
1465 1079 1754 1133 reclamat.

1060 1360 1268 1417 XVIII

318 1506 379 1561 Si
422 1508 567 1563 bene
610 1516 668 1563 te
712 1508 861 1577 novi,
907 1516 1139 1572 metues,
1184 1504 1468 1561 liberrime
1513 1504 1680 1573 Lolli,

318 1594 619 1648 scurrantis
665 1594 909 1667 speciem
950 1594 1239 1665 praebere,
1283 1592 1564 1664 professus
1609 1590 1866 1648 amicum.

318 1687 380 1730 ut
420 1687 675 1734 matrona
718 1678 998 1735 meretrici
1042 1678 1236 1750 dispar
1279 1676 1386 1731 erit
1431 1687 1601 1749 atque

317 1762 575 1830 discolor,
618 1764 792 1820 infido
836 1780 1058 1821 scurrae
1102 1762 1333 1817 distabit
1379 1762 1604 1818 amicus.

233 1852 267 1903 δ
318 1858 405 1903 est
444 1849 575 1905 huic
616 1850 897 1905 diversum
939 1849 1077 1905 vitio
1120 1848 1321 1903 vitium
1363 1866 1540 1921 prope
1585 1846 1781 1919 maius,

314 1933 584 2006 asperitas
630 1935 863 2007 agrestis
908 1942 966 1991 et
1005 1933 1340 1991 inconcinna
1383 1933 1701 2006 gravisque,

314 2035 459 2091 quae
503 2038 563 2077 se
608 2021 957 2077 commendat
996 2028 1161 2076 tonsa
1204 2028 1351 2087 cute,
1395 2019 1656 2075 dentibus
1701 2018 1854 2088 atris,

312 2106 447 2159 dum
489 2106 609 2161 volt
650 2106 879 2161 libertas
924 2105 1034 2160 dici
1077 2124 1231 2160 mera
1275 2122 1517 2177 veraque
1561 2104 1759 2160 virtus.

310 2189 487 2246 virtus
532 2202 617 2248 est
658 2191 901 2247 medium
944 2189 1203 2245 vitiorum
1250 2199 1310 2245 et
1349 2190 1628 2262 utrimque
1673 2191 1983 2245 reductum.

186 2276 268 2330 10
313 2275 459 2331 alter
500 2275 558 2331 in
604 2277 934 2349 obsequium
977 2276 1105 2348 plus
1150 2292 1329 2347 aequo
1373 2294 1608 2347 pronus,
1655 2286 1714 2330 et
1755 2275 1852 2331 imi

315 2360 531 2416 derisor
573 2362 725 2429 lecti,
770 2362 852 2418 sic
894 2371 1090 2417 nutum
1134 2360 1326 2415 divitis
1370 2362 1578 2427 horret,

311 2445 392 2499 sic
432 2446 599 2503 iterat
638 2466 807 2504 voces
850 2456 907 2503 et
948 2448 1118 2502 verba
1164 2445 1422 2501 cadentia
1465 2446 1636 2515 tollit,

309 2540 370 2586 ut
410 2550 646 2604 puerum
690 2551 857 2589 saevo
902 2535 1097 2587 credas
1143 2533 1354 2587 dictata
1397 2532 1665 2605 magistro

306 2618 541 2674 reddere
583 2618 675 2675 vel
714 2617 891 2693 partis
934 2618 1162 2673 mimum
1201 2624 1444 2673 tractare
1489 2619 1791 2674 secundas:

183 2707 209 2755 1
226 2706 259 2754 5
310 2703 455 2758 alter
493 2703 715 2760 rixatur
756 2706 829 2760 de
872 2702 1001 2758 lana
1046 2720 1213 2777 saepe
1259 2703 1506 2774 caprina,

307 2798 627 2862 propugnat
666 2789 833 2863 nugis
876 2798 1153 2844 armatus:
1200 2787 1434 2844 ‘scilicet
1475 2796 1541 2843 ut
1580 2806 1695 2845 non

311 2872 385 2929 sit
426 2873 561 2929 mihi
602 2874 782 2937 prima
822 2874 995 2930 Fides
1040 2882 1097 2929 et
1140 2891 1274 2929 vere
1316 2875 1469 2945 quod
1511 2874 1696 2946 placet
1739 2884 1803 2929 ut
1845 2892 1959 2932 non

312 2960 521 3015 acriter
562 2960 792 3017 elatrem
808 2960 837 3015 ⁸?
880 2960 1120 3033 pretium
1164 2968 1318 3014 aetas
1363 2959 1542 3014 altera
1587 2960 1795 3016 sordet.
1800 2960 1817 2987 '

308 3044 605 3117 ambigitur
646 3047 784 3119 quid
828 3045 1024 3102 enim?
1066 3044 1265 3101 Castor
1307 3044 1445 3100 sciat
1486 3062 1556 3100 an
1600 3044 1869 3103 Dolichos
1913 3048 2068 3121 plus;

183 3133 261 3183 20
310 3130 673 3188 Brundisium
715 3131 930 3195 Minuci
973 3130 1170 3188 melius
1213 3129 1307 3185 via
1351 3131 1521 3185 ducat
1563 3145 1632 3185 an
1678 3131 1849 3205 Appi.

311 3235 477 3289 quem
518 3219 785 3275 damnosa
824 3218 1039 3283 Venus,
1082 3233 1251 3289 quem
1291 3228 1560 3288 praeceps
1603 3215 1730 3271 alea
1769 3218 1963 3288 nudat,

310 3302 489 3375 gloria
532 3320 699 3377 quem
742 3320 910 3376 supra
949 3300 1099 3357 vires
1142 3310 1201 3355 et
1243 3300 1414 3355 vestit
1457 3309 1514 3357 et
1554 3301 1772 3374 unguit,

309 3406 475 3461 quem
516 3396 675 3447 tenet
714 3386 931 3460 argenti
972 3386 1095 3442 sitis
1138 3386 1440 3459 inportuna
1481 3386 1782 3460 famesque,

308 3492 471 3547 quem
514 3472 859 3547 paupertatis
901 3474 1082 3545 pudor
1124 3482 1183 3527 et
1220 3472 1372 3544 fuga,
1420 3470 1596 3527 dives·
1619 3473 1851 3544 amicus,

182 3562 257 3612 25
308 3577 475 3632 saepe
519 3562 711 3615 decem
756 3558 906 3614 vitiis
948 3556 1292 3625 instructior,
1339 3555 1460 3611 odit
1501 3564 1560 3613 et
1599 3558 1810 3626 horret,

265 3664 463 3705 Horam·
1632 3638 1706 3699 15
