2459 3959
877 275 1022 342 L'IB.
1065 285 1114 342 Ι.
1164 292 1324 342 32-
1336 292 1409 342 35

306 437 493 510 ipsum
535 454 624 492 me
660 436 858 493 melior
899 455 1024 494 cum
1055 446 1277 511 peteret
1310 437 1519 508 Venus,

305 531 472 595 grata
516 522 760 578 detinuit
804 526 1058 595 conpede
1101 525 1343 594 Myrtale

153 614 186 662 1
206 613 246 662 5
304 607 592 676 libertina,
637 609 794 664 fretis
839 610 1018 673 acrior
1060 609 1308 664 Hadriae

436 694 718 750 curvantis
764 694 1030 750 Calabros
1075 695 1248 750 sinus.

1029 951 1295 1006 XXXIV

310 1076 522 1132 Parcus
567 1078 796 1132 deorum
839 1077 1018 1133 cultor
1060 1087 1119 1133 et
1161 1079 1479 1152 infrequens

309 1162 640 1218 insanientis
686 1166 816 1217 dum
862 1163 1168 1235 sapientiae

403 1247 690 1303 consultus
735 1267 880 1318 erro,
929 1267 1078 1304 nunc
1120 1257 1427 1304 retrorsum

483 1333 606 1388 vela
650 1336 783 1389 dare
828 1343 997 1407 atque
1042 1333 1247 1390 iterare
1293 1353 1485 1390 cursus

223 1466 264 1516 5
314 1477 488 1532 cogor
526 1459 772 1518 relictos.
820 1479 1059 1534 namque
1102 1462 1409 1536 Diespiter,

317 1545 439 1619 igni
483 1563 712 1600 corusco
756 1547 948 1602 nubila
994 1547 1250 1604 dividens

405 1631 750 1702 plerumque,
795 1651 898 1703 per
940 1651 1140 1704 purum
1184 1631 1429 1687 tonantis

492 1717 608 1790 egit
651 1735 820 1789 equos
865 1719 1253 1790 volucremque
1298 1735 1538 1788 currum,

318 1861 430 1916 qno
473 1845 638 1899 bruta
678 1845 842 1899 tellus
887 1853 945 1900 et
986 1863 1128 1918 vaga
1168 1845 1414 1913 flumina,

185 1932 276 1984 10
325 1948 437 2002 quo
481 1930 622 2001 Styx
666 1938 724 1985 et
765 1929 928 1984 invisi
972 1931 1197 1987 horrida.
1241 1931 1481 1987 Taenari

411 2017 570 2070 sedes
615 2015 1022 2088 Atlanteusque
1064 2017 1188 2071 finis

490 2101 821 2157 concutitur.
868 2103 1018 2156 valet
1061 2103 1170 2156 ima
1213 2101 1437 2157 summis

316 2235 532 2283 mutare
576 2236 634 2284 et
675 2229 950 2308 insignem
993 2237 1251 2285 attenuat
1294 2231 1451 2296 deuS,

321 2314 557 2369 obscura
598 2333 890 2387 promens3
935 2314 1066 2370 hinc
1107 2317 1319 2387 apicem
1361 2331 1536 2387 rapax

174 2403 256 2454 15
391 2399 640 2454 Fortuna
686 2417 811 2454 cum
855 2399 1096 2454 stridore
1141 2409 1306 2454 acuto

478 2485 718 2554 sustulit,
763 2485 855 2540 hic
895 2485 1148 2557 posuisse
1193 2487 1415 2558 gaudet.

925 2741 1270 2797 -XXXV

301 2867 356 2924 Ο
401 2869 546 2937 diva,
592 2875 812 2942 gratum
855 2886 997 2942 quae
1040 2869 1191 2942 regis
1237 2867 1491 2937 Antium,

297 2971 563 3027 praescus
608 2955 697 3010 vel
739 2955 852 3017 imo
894 2955 1094 3009 tollere
1139 2957 1209 3009 de
1254 2957 1431 3028 gradu

383 3040 615 3095 mortale
658 3057 847 3096 sursus
895 3040 982 3094 vel
1025 3042 1295 3112 superbos

467 3134 686 3181 vertere
730 3125 1018 3182 funeribus
1063 3126 1399 3198 triumphos:

215 3261 248 3313 5
295 3263 355 3312 te
398 3273 610 3327 pauper
653 3255 824 3312 ambit
867 3255 1104 3311 sollicita
1147 3273 1311 3328 prece

295 3341 441 3398 ruris
487 3341 733 3410 colonus,
777 3349 835 3395 te
881 3342 1158 3396 dominam
1202 3339 1458 3413 aequoris

385 3426 698 3500 quicunque
740 3426 986 3497 Bithyna
1027 3427 1256 3483 lacessit

468 3511 823 3586 Carpathium
864 3512 1094 3586 pelagus
1140 3513 1341 3569 carina.
