2459 3959
302 282 455 345 ‹210
1016 284 1578 344 EPISTVLARVM

331 788 408 837 40

335 1302 412 1350 45

334 1728 411 1778 50

340 2154 415 2204 55

342 2582 416 2631 60

344 3009 416 3059 65

456 441 671 497 scilicet
714 459 946 495 uxorem
991 458 1115 495 cum
1158 440 1290 495 dote
1333 439 1611 511 fidemque
1655 446 1714 493 et
1755 438 1962 495 amicos

456 536 513 582 et
557 545 734 599 genus
779 535 836 580 et
878 527 1111 581 formam
1152 514 1350 597 regina
1392 523 1640 578 Pecunia
1683 526 1872 591 donat,

456 631 521 667 ac
561 613 705 667 bene
750 618 1093 667 nummatum
1138 611 1368 665 decorat
1411 609 1655 665 Suadela
1686 610 2015 682 Venusque.

455 696 747 770 mancipiis
788 697 1039 769 locuples
1082 704 1211 767 eget
1255 695 1400 751 aeris
1445 693 1840 767 Cappadocum
1883 714 2022 752 rex:

457 802 528 837 ne
571 781 743 837 fueris
789 782 881 837 hic
925 792 1003 837 tu.
1060 781 1382 852 chlamydes
1429 780 1716 847 Lucullus,
1761 790 1824 835 ut
1865 781 2048 853 aiunt,

458 868 501 922 si
546 875 737 939 posset
781 875 1005 923 centum
1050 883 1286 921 scaenae
1331 867 1604 938 praebere
1647 876 1894 937 rogatus,

462 953 575 1025 ‘qui
631 970 857 1025 possum
915 960 1003 1007 tot
1018 952 1064 1005 ?'
1124 952 1236 1007 ait:
1300 949 1502 1005 ‘tamen
1561 959 1620 1007 et
1671 970 1937 1023 quaeram
1996 963 2055 1010 et
2116 963 2258 1027 quot

1945 1040 2170 1097 habebo

460 1123 712 1179 mittam.’
766 1131 893 1195 post
935 1122 1127 1194 paullo
1174 1122 1370 1177 scribit
1413 1121 1522 1177 sibi
1563 1121 1717 1177 milia
1759 1123 2008 1197 quinque

461 1228 584 1265 esse
628 1208 780 1263 domi
824 1208 1201 1278 chlamydum3
1250 1215 1466 1279 partem
1510 1208 1602 1262 vel
1646 1208 1874 1265 tolleret
1919 1211 2118 1267 omnis.

462 1295 623 1349 exilis
670 1296 865 1349 domus
912 1302 999 1347 est
1044 1292 1140 1347 ubi
1184 1311 1298 1347 non
1343 1300 1403 1349 et
1444 1293 1620 1348 multa
1663 1306 1961 1363 supersunt

460 1394 519 1433 et
562 1381 847 1435 dominum
888 1380 1091 1434 fallunt
1134 1387 1195 1433 et
1236 1386 1473 1449 prosunt
1512 1377 1748 1435 furibus.
1795 1398 1927 1453 ergo

466 1464 513 1519 si
558 1484 647 1520 res
694 1465 815 1521 sola
857 1473 1045 1537 potest
1084 1464 1271 1519 facere
1315 1471 1375 1519 et
1419 1481 1639 1519 servare
1685 1466 1928 1533 beatum,

460 1550 567 1605 hoc
610 1550 825 1623 primus
867 1558 1091 1622 repetas
1135 1566 1300 1619 opus,
1345 1548 1452 1603 hoc
1495 1558 1806 1622 postremus
1851 1551 2092 1607 omit-tas.

464 1635 509 1689 si
552 1636 895 1690 fortunatum
939 1634 1152 1707 species
1198 1644 1257 1689 et
1300 1634 1480 1707 gratia
1523 1643 1784 1706 praestat,

459 1739 767 1776 mercemur
810 1738 1029 1775 servum
1073 1720 1171 1791 qui
1214 1719 1388 1775 dictet
1434 1720 1679 1789 nomina,
1725 1720 1949 1777 laevum

460 1806 556 1878 qui
600 1806 807 1861 fodicet
850 1805 995 1861 latus
1042 1812 1101 1859 at
1142 1815 1307 1877 cogat
1353 1813 1508 1859 trans
1551 1806 1802 1877 pondera
1841 1810 2100 1863 dextram

460 1890 778 1964 porrigere:
830 1889 938 1945 ‘hic
980 1892 1215 1945 multum
1261 1891 1319 1945 in
1363 1890 1538 1945 Fabia
1582 1890 1749 1959 valet,
1795 1892 1891 1949 ille
1919 1893 2155 1961 Velina3

465 1977 554 2030 cui
597 1977 737 2032 libet
777 1976 867 2031 hic
908 1976 1073 2031 fascis
1120 1976 1278 2030 dabit
1320 1975 1631 2047 eripietque
1676 1980 1866 2034 curule

466 2062 556 2116 cui
599 2062 751 2117 volet
792 2061 1124 2134 inportunus
1171 2061 1348 2116 ebur.'
1415 2062 1610 2130 frater,
1654 2072 1815 2135 pater
1858 2066 2038 2135 adde3

469 2156 529 2201 ut
572 2147 773 2219 cuique
818 2155 905 2202 est
946 2156 1113 2214 aetas,
1158 2146 1239 2200 ita
1282 2164 1557 2219 quemque
1600 2147 1812 2204 facetus
1857 2152 2081 2223 adopta·

468 2232 513 2286 si
557 2234 700 2288 bene
746 2232 841 2304 qui
886 2240 1049 2287 cenat
1094 2234 1239 2287 bene
1283 2232 1438 2299 vivit,
1486 2233 1658 2300 lucet,
1707 2252 1896 2290 eamus

465 2336 575 2389 quo
620 2320 773 2373 ducit
816 2318 963 2390 gula,
1008 2317 1304 2390 piscemur,
1350 2336 1639 2387 venemur,
1689 2328 1751 2373 ut
1795 2321 1930 2375 olim

466 2403 765 2475 Gargilius,
812 2403 910 2475 qui
952 2421 1115 2457 mane
1156 2403 1372 2475 plagas,
1416 2404 1707 2471 venabula,
1755 2423 1942 2460 servos

467 2489 745 2543 differtum
790 2489 1030 2545 transire
1072 2490 1256 2543 forum
1299 2490 1680 2561 populumque
1724 2489 1970 2558 iubebat,

467 2592 607 2629 unus
653 2583 714 2629 ut
758 2592 789 2629 e
834 2576 1020 2629 multis
1066 2575 1276 2647 populo
1321 2583 1607 2646 spectante
1651 2576 1889 2631 referret

466 2669 710 2732 emptum
754 2662 935 2715 mulus
981 2678 1196 2732 aprum.
1258 2660 1416 2714 crudi
1457 2659 1772 2732 tumidique
1815 2663 2086 2729 lavemur,

466 2746 601 2818 quid
644 2748 841 2800 deceat
884 2746 1021 2818 quid
1063 2764 1177 2799 non
1221 2745 1400 2812 obliti,
1450 2746 1670 2801 Caerite
1715 2765 1846 2802 cera

467 2831 641 2902 digni,
689 2832 982 2903 remigium
1024 2830 1288 2885 vitiosum
1333 2831 1640 2887 Ithacensis
1687 2833 1864 2900 Vlixi,

467 2918 554 2971 cui
597 2916 785 2989 potior
829 2917 1013 2989 patria
1054 2916 1161 2970 fuit
1203 2916 1507 2971 interdicta
1552 2919 1830 2990 voluptas.

471 3003 535 3068 si,
582 3002 945 3059 Mimnermus
990 3002 1073 3057 uti
1118 3011 1323 3069 censet,
1371 3001 1490 3057 sine
1535 3020 1724 3058 amore
1767 3004 2017 3077 iocisque

472 3088 552 3141 nil
596 3096 680 3143 cst
724 3088 1040 3153 iucundum,
1087 3087 1240 3143 vivas
1285 3087 1345 3141 in
1387 3106 1575 3143 amore
1619 3088 1884 3161 iocisque.

469 3175 612 3241 vive,
660 3175 799 3229 vale.
862 3173 1045 3245 siquid
1090 3172 1296 3229 novisti
1342 3173 1548 3229 rectius
1593 3174 1734 3241 istis,

470 3259 737 3315 candidus
782 3258 1039 3331 imperti;
1086 3258 1135 3315 si
1178 3278 1312 3327 non,
1359 3258 1444 3313 his
1491 3267 1648 3315 utere
1691 3278 1926 3317 mecum.
