2459 3959
268 281 396 346 1⁰4
1031 283 1451 340 CARMINVM

265 446 340 498 25
388 447 564 495 terret
608 440 891 494 ambustus
934 438 1224 494 Phaethon
1268 455 1459 492 avaras

386 543 532 598 spes,
576 533 634 579 et
675 525 986 597 exemplum
1028 541 1196 596 grave
1239 525 1471 597 praebet
1514 525 1631 580 ales

387 609 636 680 Pegasus
680 619 962 664 terrenum
1005 607 1249 682 equitem
1292 618 1553 681 gravatus

478 695 988 768 Bellerophontem,

387 885 603 941 semper
645 875 709 921 ut
749 873 807 922 te
852 867 1021 938 digna
1061 884 1295 938 sequare
1339 874 1399 921 et
1442 867 1588 922 ultra

267 956 345 1012 80
390 971 554 1028 quam
598 952 726 1008 lieet
771 970 997 1023 sperare
1039 953 1192 1007 nefas
1237 954 1487 1025 putando

389 1040 664 1112 disparem
709 1038 872 1094 vites.
919 1033 1021 1110 age
1063 1038 1174 1093 iam
1217 1056 1465 1094 meorum

476 1123 602 1180 finis
648 1140 896 1178 amorum
940 1150 1026 1159 —-

387 1313 498 1351 non
545 1295 692 1350 enim
734 1297 966 1370 posthac
1009 1295 1130 1351 alia.
1162 1297 1352 1352 calebo

385 1379 592 1436 femina
632 1409 736 1450 -—-,
782 1382 1036 1437 condisce
1080 1385 1291 1449 modos,
1337 1383 1573 1436 amanda

262 1469 339 1522 ⁸⁶
385 1482 522 1521 voce
566 1485 705 1539 quos
749 1469 983 1522 reddas:
1027 1466 1348 1522 minuentur
1389 1477 1544 1524 atrae

475 1552 719 1608 carmine
767 1569 951 1609 curae.

1177 1834 1299 1889 XII

385 1979 506 2036 Iam
548 1979 695 2034 veris
741 1979 988 2046 comites,
1034 1998 1175 2052 quae
1217 1999 1369 2036 mare
1410 1986 1741 2052 temperant,

383 2065 664 2138 inpellunt
704 2065 916 2120 animae
961 2065 1134 2120 lintea
1176 2065 1482 2134 Thracia03

384 2152 494 2208 iam
537 2167 643 2204 nec
686 2158 848 2223 prata
890 2149 1097 2223 rigent,
1146 2170 1249 2208 nec
1290 2151 1449 2206 fluvii
1491 2157 1751 2223 strepunt

471 2235 706 2290 hiberna
748 2236 879 2291 nive
922 2237 1154 2309 turgidi.

307 2412 340 2464 t
388 2407 582 2462 nidum
625 2407 786 2479 ponit
826 2408 958 2480 Ityn
1000 2409 1261 2465 flebiliter
1304 2426 1553 2480 gemme,

386 2491 584 2547 infelix
627 2487 744 2548 av'is
789 2503 847 2548 et
892 2494 1192 2567 Cecropiae
1238 2496 1431 2550 domus

387 2585 672 2634 aeternum
718 2579 1096 2652 opprobrium,
1141 2580 1293 2652 quod
1336 2580 1480 2635 male
1522 2579 1789 2634 barbaras

469 2680 666 2736 regum
709 2667 798 2719 est
838 2666 956 2720 ulta
997 2665 1275 2720 libidines.

399 2830 592 2887 dicunt
633 2831 694 2887 in
735 2841 929 2889 tenero
971 2833 1221 2906 gramine
1266 2832 1557 2905 pinguium

265 2920 342 2982 ,10
390 2918 648 2972 custodes
693 2919 881 2973 ovium
924 2919 1167 2975 carmina
1211 2919 1397 2973 fistula

387 3003 777 3077 delectantque
821 3006 1001 3073 deum,
1049 3005 1138 3059 cui
1181 3022 1351 3076 pecus
1396 3013 1452 3058 et
1494 3003 1643 3076 nigri

468 3089 645 3151 eolles
691 3091 971 3146 Arcadiae
1013 3091 1262 3163 placent.

375 3265 670 3323 :adduxere
715 3262 866 3318 sitim
908 3271 1180 3334 tempora,
1225 3261 1467 3334 Vergili.

387 3353 488 3408 sed
530 3365 780 3423 pressum
824 3347 1051 3403 Calibus
1096 3349 1300 3402 ducere
1344 3346 1611 3402 Liberum

267 3445 344 3500 15
391 3435 440 3494 si
481 3434 678 3510 gestis,
723 3433 988 3488 iuvenum
1030 3433 1301 3487 nobilium
1346 3432 1538 3499 cliens,

480 3521 656 3580 nardo
700 3518 832 3576 vina
871 3520 1176 3576 merebere.
