2459 3959
346 290 390 349 4
1109 294 1406 353 GARMIN
1414 296 1529 351 VM

472 451 672 505 multos
717 459 896 507 eastra
936 451 1125 506 iuvant
1171 459 1230 506 et
1271 451 1411 506 lituo
1456 452 1622 507 tubae

468 537 762 607 permistus
808 538 1018 592 sonitus
1063 538 1319 609 bellaque
1362 538 1628 592 matribus

347 626 418 674 25
471 622 775 691 detestata3
821 632 1006 677 manet
1049 626 1150 677 sub
1195 624 1332 677 Iove
1376 622 1580 693 frigido

465 715 697 763 venator
739 716 961 763 tenerae
1005 709 1256 781 coniugis
1299 710 1567 763 inmemor

470 791 594 859 [seu
637 794 756 847 visa
799 803 883 848 est
927 794 1121 848 catulis
1170 812 1332 848 cerva
1374 794 1629 848 fidelibus

468 896 567 932 seu
609 879 760 951 rupit
801 880 989 934 teretis
1034 880 1253 934 Marsus
1299 898 1432 951 aper
1460 876 1701 951 plagam]

462 1060 550 1097 me
596 1046 880 1099 doctarum
923 1046 1119 1099 ederae
1161 1043 1405 1115 praemia
1446 1044 1707 1101 frontium

340 1133 414 1183 30
466 1126 576 1194 [dis
621 1130 854 1185 miscent
895 1130 1128 1201 superiS,
1175 1148 1262 1184 me
1307 1130 1550 1201 gelidum
1594 1148 1786 1185 nemus

458 1200 948 1287 Nympharumque
993 1216 1144 1271 leves
1192 1233 1315 1269 eum
1363 1216 1573 1285 Satyris
1620 1213 1800 1282 chori}

460 1309 755 1367 secernunt
798 1302 1022 1373 populo,
1072 1301 1114 1354 si
1162 1319 1342 1371 neque
1385 1300 1585 1355 tibias'

455 1384 702 1457 Euterpe
747 1388 968 1441 cohibet
1011 1404 1116 1441 nec
1159 1386 1525 1457 Polyhymnia

454 1470 732 1525 Lesboum
775 1473 985 1544 refugit
1030 1474 1257 1527 tendere
1300 1473 1576 1528 barbiton.

455 1556 629 1627 [quod
674 1558 719 1611 si
763 1577 850 1612 me
894 1558 1079 1629 lyricis
1125 1558 1345 1612 vatibus
1389 1558 1623 1627 insereS,

457 1642 675 1696 sublimi
717 1643 908 1697 feriam
954 1644 1136 1698 sidera
1179 1640 1430 1707 vertice.]

1259 1899 1320 1955 11

445 2027 563 2081 Iam
605 2028 736 2082 satis
781 2028 942 2083 terris
985 2026 1128 2081 nivis
1175 2036 1341 2101 atque
1386 2027 1540 2083 dirae

443 2114 724 2183 grandinis
769 2114 918 2168 misit
961 2123 1120 2185 pater
1166 2122 1222 2167 et
1265 2115 1500 2169 rubente

445 2200 671 2253 dextera
717 2217 896 2253 sacras
942 2200 1210 2253 iaculatus
1258 2199 1395 2253 areis

561 2284 756 2337 terruit
804 2287 1011 2351 urbem,

359 2443 390 2491 5
438 2438 635 2492 terruit
677 2438 875 2509 gentiS,
921 2457 1086 2509 grave
1131 2458 1200 2493 ne
1245 2439 1455 2495 rediret

439 2524 717 2577 saeculum
761 2525 1006 2594 Pyrrhae
1051 2542 1194 2577 nova
1238 2512 1481 2579 monstra
1524 2532 1771 2597 questam,

437 2626 597 2664 omne
643 2627 764 2662 eum
807 2610 1044 2665 Proteus
1087 2627 1255 2681 pecus
1300 2611 1416 2682 egit
1460 2611 1601 2667 altos

550 2696 726 2749 visere
774 2694 1001 2763 montis,

432 2848 690 2922 [piscium
737 2858 791 2905 et
835 2870 1047 2905 summa
1090 2870 1265 2923 genus
1310 2854 1489 2908 haesit.
1530 2854 1699 2921 ulmO,

310 2943 382 2990 10
431 2945 564 2991 nota
608 2955 750 3008 quae
796 2938 953 2991 sedes
998 2938 1180 2991 fuerat
1225 2939 1510 3009 columbiS,

428 3030 485 3077 et
527 3023 836 3094 superiecto
881 3024 1114 3095 pavidae
1157 3032 1417 3079 natarunt

544 3127 785 3179 aequore
831 3098 1122 3175 dammae]

424 3260 658 3317 vidimus
701 3266 904 3317 flavum
947 3263 1194 3317 Tiberim
1238 3264 1459 3318 retortis

421 3346 582 3402 litore
624 3349 858 3405 Etrusco
903 3349 1174 3403 violenter
1217 3348 1381 3402 undis

301 3440 371 3488 15
419 3427 501 3488 ire
547 3437 820 3492 deiectum
865 3445 1220 3489 monumenta
1262 3432 1412 3505 regis

533 3524 846 3597 templaque
889 3520 1116 3589 Vestae,
