2459 3959
325 262 354 322 1
373 261 458 322 21)
1143 265 1463 322 EPODON

457 421 666 494 inpube
712 437 934 492 corpus,
981 419 1142 492 quale
1185 429 1379 490 posset
1420 418 1573 492 inpia

541 506 757 562 mollire
804 506 1078 560 Thracum
1123 511 1371 576 pectora,

333 602 406 652 15
458 590 707 659 Canidia,
751 590 1014 646 brevibus
1059 589 1320 662 inplicata
1362 589 1566 662 viperis

541 677 708 732 crinis
752 684 809 732 et
851 675 1187 748 incomptum
1231 683 1419 747 caput,

452 763 610 818 iubet
655 761 922 836 sepulcris
970 760 1257 834 caprificos
1303 769 1505 827 erutas,

542 847 700 902 iubet
745 865 1034 919 cupressus
1079 845 1330 901 funebris

454 941 512 988 et
555 942 723 988 uncta
764 933 940 1005 turpis
987 950 1090 986 ova
1133 949 1303 987 ranae
1349 931 1615 1003 sanguine

331 1027 406 1078 20
537 1019 892 1091 plumamque
937 1026 1241 1072 nocturnae
1286 1015 1471 1088 strigis

452 1105 784 1175 herbasque,
830 1120 966 1175 quas
1008 1103 1189 1158 Iolcos
1236 1111 1402 1176 atque
1446 1103 1679 1159 Hiberia

539 1189 712 1244 mittit
753 1206 1091 1244 venenorum
1138 1188 1312 1255 ferax,

454 1281 512 1328 et
554 1292 681 1329 ossa
723 1276 793 1328 ab
839 1292 934 1328 ore
979 1283 1138 1346 rapta
1181 1272 1398 1330 ieiunae
1442 1274 1591 1329 canis

540 1359 772 1414 flammis
817 1360 976 1414 aduri
1023 1357 1315 1415 Colchicis.

332 1453 406 1501 25
455 1450 514 1498 at
557 1445 820 1518 expedita
866 1444 1084 1518 Sagana
1126 1461 1227 1515 per
1271 1451 1445 1498 totam
1493 1446 1717 1499 domum

543 1548 808 1603 spargens
855 1529 1144 1585 Avernalis
1189 1546 1359 1600 aquas

454 1618 644 1671 horret
690 1614 904 1688 capillis
950 1624 1013 1670 ut
1054 1613 1299 1668 marinus
1343 1614 1552 1687 asperis

541 1700 765 1756 echinus
808 1708 905 1754 aut
945 1700 1193 1756 Laurens
1241 1718 1393 1771 aper.

455 1787 650 1841 abacta
693 1785 842 1839 nulla
887 1785 1031 1841 Veia
1075 1785 1410 1840 conscientia

335 1878 412 1926 30
546 1871 825 1944 ligonibus
871 1871 1024 1926 duris
1067 1870 1296 1924 humum

456 1955 822 2012 exhauriebat
861 1956 1150 2028 ingemens
1193 1955 1496 2023 laboribus,

543 2060 656 2115 quo
701 2051 890 2114 posset
932 2041 1174 2096 infossus
1219 2059 1357 2112 puer

455 2128 619 2200 longo
667 2128 757 2182 die
801 2127 885 2182 bis
930 2135 1129 2198 terque
1171 2134 1416 2181 mutatae
1460 2124 1617 2198 dapis

545 2211 781 2268 inemori
825 2212 1158 2285 spectaculo,

331 2303 408 2352 35
462 2315 587 2352 cum
629 2297 967 2369 promineret
1011 2315 1124 2364 ore,
1172 2304 1439 2368 quantum
1483 2304 1678 2352 extant
1720 2314 1865 2370 aqua

545 2400 812 2454 suspensa
854 2390 1039 2437 mento
1085 2401 1347 2456 corpora:

459 2476 688 2523 exsucta
731 2467 815 2523 uti
855 2469 1098 2523 medulla
1141 2477 1198 2523 et
1240 2469 1456 2523 aridum
1497 2467 1650 2523 iecur

543 2552 741 2608 amoris
787 2562 934 2609 esset
976 2555 1252 2625 poculum,

459 2637 815 2694 interminato
863 2656 985 2692 cum
1029 2639 1201 2694 semel
1244 2639 1390 2694 fixae
1433 2638 1557 2694 cibo

334 2726 412 2779 40
544 2723 912 2780 intabuissent
953 2725 1213 2796 pupulae.

457 2827 570 2865 non
615 2808 855 2864 defuisse
897 2810 1172 2864 masculae
1215 2809 1463 2866 libidinis

540 2893 950 2950 Ariminensem
993 2894 1205 2948 Foliam

457 2986 514 3034 et
559 2979 738 3035 otiosa
779 2977 1013 3035 credidit
1055 2978 1323 3051 Neapolis

544 3073 603 3120 et
645 3083 805 3120 omne
847 3064 1088 3118 vicinum
1132 3065 1419 3137 oppidum,

332 3156 409 3205 45
459 3167 601 3222 quae
647 3150 830 3206 sidera
875 3158 1171 3206 excantata
1211 3167 1351 3206 voce
1397 3150 1668 3206 Thessala

542 3237 837 3307 lunamque
882 3236 1038 3290 caelo
1082 3235 1307 3308 deripit.

458 3319 551 3372 hic
593 3320 928 3374 inresectum
975 3338 1140 3375 saeva
1184 3323 1351 3376 dente
1394 3320 1563 3374 livido

545 3402 776 3458 Canidia
818 3406 1020 3460 rodens
1064 3406 1325 3477 pollicem
