2459 3959
926 278 1209 335 ..LIBER
1253 279 1300 334 1.
1358 286 1428 334 18
2055 274 2188 337 n

352 433 709 489 adversarius
752 443 837 487 est
881 433 1077 501 frater,
1124 434 1276 488 lacus
1320 433 1558 499 Hadria,
1607 434 1785 487 donec

356 520 681 575 alterutrum
725 517 891 573 velox
934 518 1167 573 victoria
1210 520 1410 573 fronde
1453 519 1712 572 coronet:

218 611 307 659 65
360 604 671 661 consentire
716 603 829 657 suis
874 604 1072 659 studiis
1116 603 1211 675 qui
1260 603 1562 658 crediderit
1603 611 1682 669 te,

362 690 548 745 fautor
591 697 831 760 utroque
872 697 1033 743 tuum
1078 688 1332 743 laudabit
1373 688 1579 760 pollice
1623 687 1836 743 ludum.

360 774 615 848 protinus
660 783 723 827 ut
766 792 1019 829 moneam
1064 800 1147 811 --
1192 774 1377 845 siquid
1421 774 1708 828 monitoris
1755 792 1890 843 eges
1944 784 2006 828 tu
2057 804 2135 816 -—-

371 860 507 942 quid
542 862 621 915 de
665 877 890 932 quoque
932 859 1053 915 viro
1098 869 1157 915 et
1200 860 1291 913 cui
1336 860 1509 925 dicas,
1555 878 1723 929 saepe
1765 858 1980 914 videto.

360 952 809 1018 percontatorem
852 945 1059 1017 fugito:
1108 963 1237 999 nam
1282 945 1556 1017 garrulus·
1582 946 1726 998 idem
1772 952 1880 1013 est,

230 1040 320 1087 30
358 1048 475 1086 :nec
516 1031 761 1087 retinent
805 1030 1029 1101 patulae
1066 1031 1342 1085 conmissa
1385 1030 1628 1085 fideliter
1671 1046 1872 1094 aures„

362 1125 421 1173 et
459 1116 635 1171 ‘semel
682 1114 942 1171 emissum
987 1116 1140 1169 volat
1182 1115 1560 1171 inrevocabile
1605 1120 1855 1167 verbum.

362 1219 475 1257 non
520 1200 723 1257 ancilla
766 1212 921 1255 tuum
966 1202 1121 1255 iecur
1165 1203 1375 1256 ulceret
1417 1202 1532 1255 ulla
1573 1218 1780 1271 puerve

362 1288 513 1342 intra
552 1304 919 1341 marmoreum
964 1288 1264 1341 venerandi
1309 1288 1476 1341 limen
1519 1286 1700 1349 amici,

363 1391 435 1429 ne
480 1373 735 1427 dominus
779 1372 940 1442 pueri
983 1372 1198 1443 pulchri
1244 1390 1474 1427 caraeve
1518 1372 1739 1442 puellae

216 1463 317 1516 ab
364 1476 595 1525 munere
639 1467 696 1511 te
739 1475 911 1527 par-vo
955 1459 1087 1513 beet
1128 1467 1224 1512 aut
1271 1459 1646 1512 incommodus
1691 1466 1876 1527 angat.

368 1543 591 1616 qualem
636 1544 982 1597 commendes
1028 1543 1195 1619 etiam
1241 1552 1408 1620 atque
1467 1542 1634 1597 etiam
1688 1540 1894 1612 aspice,
1938 1560 2008 1597 ne
2055 1561 2188 1598 mox

366 1628 645 1683 incutiant
686 1627 869 1683 aliena
910 1628 1015 1683 tibi
1057 1638 1288 1699 peccata
1333 1630 1619 1701 pudorem.

370 1714 614 1767 fallimur
658 1722 718 1767 et
762 1716 1042 1785 quondam
1085 1731 1229 1773 non
1214 1714 1474 1793 dignum
1519 1712 1819 1767 tradimus:
1866 1732 2000 1786 ergo

372 1817 539 1871 quem
583 1816 685 1853 sua
726 1798 887 1870 culpa
931 1808 1164 1871 premet
1209 1782 1476 1872 deceptus
1522 1799 1714 1853 omitte
1757 1800 1925 1865 tueri,

240 1895 327 1942 80
375 1893 439 1938 ut
480 1884 705 1955 penitus
746 1891 941 1937 notum
985 1884 1032 1938 si
1072 1893 1350 1956 temptent
1393 1884 1644 1952 crimina,
1691 1900 1878 1939 serves

370 1970 685 2041 tuterisque
728 1980 827 2025 tuo
872 1970 1135 2024 fidentem
1179 1971 1486 2042 praesidio:
1531 1972 1628 2041 qui

373 2057 550 2110 deute
594 2055 889 2110 Theonino
934 2072 1057 2109 cum
1102 2055 1547 2123 circumroditur,
1594 2054 1794 2127 ecquid

377 2142 448 2195 ad
492 2150 549 2195 te
592 2148 719 2211 post
760 2141 947 2211 paullo
990 2149 1227 2195 ventura
1270 2141 1518 2213 pericula
1562 2140 1734 2196 sentis
1753 2140 1778 2191 ⁴?

378 2244 504 2280 nam
548 2234 646 2279 tua
688 2244 777 2280 res
822 2226 1025 2298 agitur,
1070 2225 1258 2297 paries
1301 2244 1424 2280 enm
1467 2226 1754 2297 proximus
1801 2226 1978 2291 ardet,

244 2320 328 2368 85
379 2320 437 2365 et
479 2311 734 2382 neglecta
774 2310 957 2366 solent
997 2310 1256 2365 incendia
1299 2328 1514 2366 sumere
1555 2311 1722 2367 vires.

380 2395 579 2450 dulcis.
598 2396 907 2467 inexpertis
952 2397 1169 2451 cultura
1208 2396 1454 2468 potentis
1497 2397 1684 2451 amici:

379 2491 645 2553 expertus
692 2482 908 2535 metuit.
956 2490 1037 2549 tu,
1084 2484 1215 2536 dum
1259 2491 1356 2537 tua
1397 2484 1554 2537 navis
1593 2483 1654 2537 in
1699 2486 1814 2539 alto
1859 2490 1970 2550 est,

380 2569 486 2621 hoc
530 2584 655 2638 age,
701 2571 771 2621 he
814 2576 1027 2621 mutata
1070 2577 1376 2623 retrorsum
1419 2576 1478 2623 te
1519 2568 1664 2623 ferat
1705 2588 1858 2624 aura.

378 2654 618 2707 oderunt
660 2652 893 2709 hilarem
936 2652 1126 2707 tristes
1170 2654 1496 2725 tristemque
1540 2654 1731 2721 iocosi,

255 2744 335 2793 90
384 2740 635 2793 sedatum
681 2738 909 2803 celeres,
955 2739 1158 2809 agilem
1200 2756 1552 2811 gnavumque
1594 2740 1834 2808 remissi,

379 2831 605 2895 potores
650 2822 853 2891 [bibuli
894 2823 1079 2879 media
1123 2826 1193 2879 de
1239 2833 1402 2880 noete
1443 2824 1672 2880 Falerni

381 2904 639 2978 oderunt]
683 2918 945 2981 porrecta
988 2919 1285 2981 negantem
1329 2910 1544 2981 pocula,
1589 2911 1842 2981 quamvis

384 3000 682 3049 nocturnos
723 2994 874 3049 iures
896 3002 975 3049 ·te
1016 2996 1314 3051 formidare
1357 3003 1596 3067 tepores.

385 3080 547 3133 deme
591 3080 890 3152 supercilio
934 3082 1162 3135 nubem:
1208 3082 1536 3153 plerumque
1580 3082 1860 3135 modestus

250 3169 337 3221 95
385 3173 627 3236 occupat.
646 3164 886 3220 ¹'obscuri
928 3166 1189 3238 speciem,
1231 3166 1542 3221 taciturnus
1585 3166 1795 3221 acerbi,

384 3248 532 3304 inter
576 3258 773 3305 cuneta
816 3251 970 3323 leges
1014 3258 1073 3306 et
1112 3252 1514 3324 percontabere
1557 3254 1776 3317 doctos,

384 3352 497 3409 qua
537 3335 754 3391 ratione
798 3353 969 3409 queas
1010 3339 1302 3393 traducere
1343 3336 1546 3393 leniter
1585 3354 1802 3406 aevum,

383 3438 518 3475 num
560 3429 617 3475 te
655 3438 879 3494 semper
918 3421 1081 3493 inops
1125 3422 1302 3494 agitet
1343 3431 1622 3497 vexetque
1665 3423 1888 3495 cupid-o,

382 3524 523 3560 num
566 3524 742 3579 pavor
783 3514 843 3563 et
882 3523 1068 3562 rerum
1111 3507 1470 3564 mediocriter
1511 3508 1730 3568 utilium
1773 3526 1918 3580 spes,

1669 3588 1742 3645 15
1761 3586 1784 3610 ¹¹
