2459 3959
204 274 332 319 vm

205 408 357 472 edit.
387 406 652 473 Lachm.
691 420 734 471 t.
763 407 886 489 IV)
935 426 997 474 et
1038 412 1428 475 Buttmanno
1475 412 1691 490 (Ueber
1715 412 1773 475 d.
1801 412 2153 480 Gesclzicht·

203 494 359 558 liobe
399 520 457 559 u.
503 496 566 556 d.
610 494 816 559 histor.
863 496 1323 583 Anspielunqen
1388 497 1476 559 im
1519 496 1715 573 Hor„
1781 496 2054 582 Mythol.
2098 498 2154 562 I.

202 578 568 654 294—346)
593 581 860 645 meliora
883 581 1154 646 edoceri.
1199 582 1396 645 huius
1426 601 1687 663 quoque
1716 584 2155 666 perversitatis

205 665 372 727 mira
431 664 724 748 exempla
775 668 1110 749 proposuit
1160 668 1273 753 qui
1319 688 1527 752 nuper
1569 665 1825 732 Horatii
1871 670 2162 733 carmina

208 749 666 814 commentario
711 750 935 815 critico
969 763 1032 816 et
1078 754 1410 838 exegetico
1458 751 1818 816 ‘illustrata'
1866 776 1905 815 a
1950 776 2040 828 se,
2086 767 2160 818 ut

208 833 318 911 ait,
366 833 572 900 edidit
614 833 960 900 FRitterus
1007 837 1120 920 (cf.
1164 838 1334 902 infra
1378 837 1462 901 ad
1508 834 1584 903 C.
1616 836 1667 900 Ι.
1694 839 1799 903 34.
1828 836 1915 902 ΙΙ.
1944 839 2004 903 7.
2032 840 2160 917 12).

378 920 722 985 Praeterea
747 932 1087 1007 temporum
1117 923 1399 989 rationes
1434 922 1670 987 addere
1692 924 1962 1008 placuit,
2009 926 2158 1010 qui-

203 1005 330 1070 bus
379 1004 622 1093 singuli
666 1005 940 1071 Horatii·
968 1006 1116 1073 libri
1162 1022 1226 1073 et
1272 1008 1614 1095 compositi
1678 1021 1743 1073 et
1787 1009 1942 1073 editi
1986 1023 2156 1087 sunt,

209 1092 437 1176 quales
483 1106 630 1175 post
677 1092 1069 1157 Lachmanni
1131 1094 1636 1160 admonitionem
1697 1094 2030 1159 verissime
2084 1096 2155 1159 in

208 1178 590 1243 universum
613 1176 976 1243 CFrankius
1004 1193 1388 1263 persecutus
1418 1194 1514 1245 est
1558 1178 1769 1261 (Fasti
1788 1179 2160 1259 Horatiani,

208 1262 431 1328 Berol.
479 1265 696 1341 1839).
762 1285 840 1327 ea
903 1266 982 1328 de
1026 1287 1098 1329 re
1140 1264 1435 1329 Ritterus
1480 1266 1694 1329 denuo
1739 1266 1958 1330 omnia
2003 1287 2160 1332 con-

212 1349 422 1425 fudit,
491 1350 733 1434 quippe
779 1349 891 1433 qui
936 1370 1068 1413 non
1115 1351 1327 1415 solum
1375 1352 1718 1415 satirarum
1778 1349 1983 1416 libros
2030 1372 2163 1415 non

212 1447 363 1498 ante
407 1457 466 1499 a.
517 1435 642 1499 733
687 1436 754 1497 in
798 1434 1134 1520 publicum
1181 1436 1423 1516 editos,
1486 1438 1774 1501 carmina
1828 1437 1957 1500 iam
2011 1435 2165 1501 inde

211 1520 296 1583 ab
343 1544 399 1583 a.
445 1525 570 1585 717
609 1532 841 1605 coepta
884 1544 1026 1586 esse
1047 1521 1224 1597 velit,
1274 1522 1400 1587 alia
1441 1522 1509 1585 id
1552 1544 1783 1625 genus,
1831 1522 1945 1586 sed
1968 1522 2167 1587 etiam

210 1628 383 1670 nova
426 1628 698 1692 prorsus
743 1607 992 1670 ratione
1034 1606 1101 1671 id
1147 1623 1334 1692 agat,
1390 1621 1464 1672 ut
1527 1607 1931 1694 singulorum
1974 1630 2168 1693 saepe

215 1692 574 1755 carminum
618 1703 832 1777 partes
858 1693 1015 1756 alias
1041 1691 1184 1755 aliis
1209 1693 1614 1779 temporibus
1648 1694 1904 1757 tribuat.
1948 1716 2165 1759 nonne

211 1798 437 1841 omnes
484 1778 696 1841 tollent
743 1780 970 1860 equites
1011 1780 1360 1863 peditesque
1401 1778 1809 1845 cachinnum?

384 1864 728 1927 Meto-orum
771 1884 1028 1947 quoque
1090 1863 1348 1927 brevem
1396 1878 1812 1950 conspectum
1862 1863 2165 1949 adposui,

216 1948 396 2032 quod
441 1970 571 2012 non
615 1947 953 2026 fecissem,
1014 1947 1319 2032 quoniam
1364 1971 1441 2013 ea
1483 1972 1565 2013 ex
1617 1950 1759 2015 aliis
1807 1949 1988 2014 libris
2032 1953 2166 2034 peti

214 2048 513 2117 possunt,
560 2033 685 2096 nisi
734 2032 1044 2098 contortis
1090 2034 1218 2097 illis
1266 2033 1628 2099 rationibus
1659 2036 1899 2100 multos
1924 2035 2168 2116 decep-

215 2140 318 2183 tos
365 2140 506 2183 esse
550 2116 881 2195 vidissem,
928 2141 1096 2204 quae
1140 2119 1322 2183 hisce
1366 2120 1447 2184 de
1494 2121 1687 2185 rebus
1731 2119 1799 2182 in
1842 2142 1971 2185 non
2017 2119 2168 2182 nul-

215 2204 313 2269 las
358 2204 674 2269 editiones
720 2215 949 2268 contra
994 2226 1188 2288 quam
1235 2205 1593 2289 optandum
1627 2218 1725 2270 est
1747 2205 2167 2292 pervulgatas

217 2291 649 2376 inrepserunt.

387 2376 594 2441 Index·
646 2373 927 2456 denique
991 2374 1328 2438 nominum
1398 2375 1653 2440 additus
1713 2390 1807 2440 est
1852 2387 2171 2460 quantum

219 2460 358 2525 fieri
405 2461 620 2545 potuit
663 2483 701 2522 a
724 2460 898 2523 vitiis
941 2476 1277 2547 purgatus,
1326 2462 1542 2543 qualia
1587 2475 1739 2525 sunt
1782 2484 1950 2546 quae
1993 2463 2171 2546 apud

219 2544 727 2611 Stallbaumium
772 2546 1079 2629 leguntur
1121 2551 1471 2611 surrentina
1508 2548 1658 2625 faex
1702 2545 1795 2626 (S.
1829 2546 1919 2611 Π.
1948 2547 2009 2611 4.
2034 2553 2167 2625 55),

223 2634 521 2717 triquetra
539 2631 803 2717 praedia
833 2630 932 2706 (S.
957 2628 1048 2694 ΙΙ.
1072 2634 1133 2696 6.
1162 2636 1295 2710 55),
1342 2654 1619 2719 quorum
1660 2632 1786 2699 hoc
1809 2655 1847 2697 a
1868 2632 2171 2698 Vander-

226 2718 461 2803 bur-gio
505 2717 839 2781 inventum
883 2733 1002 2780 est.

391 2800 533 2865 Iam
575 2802 777 2885 igitur
819 2801 982 2866 nihil
1026 2814 1246 2878 restat,
1288 2802 1417 2867 nisi
1463 2814 1537 2866 ut
1580 2802 1662 2868 de
1704 2804 2174 2891 orthoqraplziae

223 2909 419 2973 quam
465 2885 734 2951 adhibui
777 2888 1026 2951 ratione
1067 2891 1295 2974 paucis
1340 2911 1636 2955 moneam
1660 2936 1680 2964 ,
1746 2891 2050 2974 quoniam
2096 2912 2175 2954 ea

226 2974 308 3037 de
337 2995 408 3037 re
431 2974 782 3037 etiamnum
825 2995 1019 3058 saepe
1050 2974 1347 3058 cupidius
1393 2995 1587 3059 quam
1634 2975 1851 3039 verius
1896 2974 2172 3039 iudicari

226 3057 410 3123 solet.
458 3058 665 3132 quade
713 3056 822 3141 qui
858 3058 1228 3123 adom-atius
1267 3060 1526 3124 edoceri
1549 3060 1802 3135 volunt,
1850 3060 1906 3123 ei
1939 3060 2175 3126 adeant

224 3146 418 3207 velim
451 3144 572 3208 Ph.
615 3142 698 3203 W
767 3148 902 3208 neri
927 3144 1452 3231 orthographiam
1478 3144 1925 3229 Vergilianam
1958 3145 2045 3223 (in
2070 3146 2173 3211 ed.

223 3228 424 3313 Verg.
463 3167 806 3313 Heynffv
808 3251 956 3316 agn.
985 3242 1030 3292 t.
1055 3234 1152 3311 v),
1201 3230 1583 3295 hRitsehelii
1624 3246 1689 3295 et
1732 3230 2179 3297 AFleckeiseni

271 3317 684 3398 rolegomena
728 3314 1053 3391 Plautina,
1128 3315 1577 3382 CLaehmanm'
1637 3318 2173 3381 commentarium

222 3336 711 3464 {ueretianum
773 3399 1006 3466 horum
1072 3400 1275 3485 igitur
1317 3402 1615 3485 vestigiis
1661 3403 2034 3487 ingressus,
2104 3402 2175 3465 in

225 3484 464 3568 quibus
493 3485 908 3571 praeiverunt
929 3486 1264 3573 Hauptius
1285 3484 1653 3551 Meinekius
1679 3486 1912 3572 Pauly,
1938 3487 2173 3573 scripsi
