2459 3959
319 323 450 386 104
1074 327 1533 384 SATIRARVM

451 492 513 538 ut
555 501 669 538 non
714 485 819 540 hoc
861 483 1143 538 fateatur?
1189 491 1249 538 at
1289 482 1453 548 idem,
1500 482 1653 552 quod
1697 481 1813 536 sale
1858 480 2035 536 multo

452 570 647 624 urbem
692 568 970 634 defricuit,
1017 569 1213 622 charta
1257 567 1517 620 laudatur
1560 568 1772 622 eadem.

449 671 554 710 nec
581 663 766 710 tamen
796 655 904 710 hoc
927 652 1180 709 tribuens
1203 651 1453 706 dederim
1484 669 1709 724 quoque
1733 659 1951 707 cetera:
1995 670 2130 707 nam
2167 654 2263 708 sie

453 749 510 794 ct
551 739 755 794 Laberi
801 739 995 794 mimos
1043 749 1106 792 ut
1149 737 1383 809 pulchra
1426 749 1687 810 poemata
1728 736 1911 793 mirer.

331 830 406 880 15
457 834 592 896 ergo
638 842 748 879 non
795 825 932 880 satia
977 835 1061 878 eat
1103 823 1220 878 risu
1267 823 1533 878 diducere
1576 822 1778 877 rictum

457 908 754 964 auditoris:
801 919 859 964 et
901 917 988 964 eet
1031 910 1304 981 quaedam
1347 917 1531 962 tamen
1574 907 1667 961 hic
1710 925 1935 979 quoque
1978 907 2165 962 virtus
2192 928 2212 960 ε

459 1003 545 1048 est
587 993 863 1051 brevitate
905 1011 1062 1067 opus,
1109 1003 1173 1049 ut
1215 1001 1405 1053 currat
1447 993 1741 1060 sententia,
1788 1010 1899 1047 neu
1942 1011 2005 1048 se

451 1079 700 1152 inpediat
745 1079 926 1135 verbis
969 1081 1144 1134 lassas
1191 1077 1553 1134 onerantibus
1596 1079 1778 1145 auris;

452 1176 512 1218 et
555 1181 811 1220 sermone
857 1183 996 1237 opus
1041 1174 1126 1219 est
1167 1166 1335 1218 modo
1380 1162 1528 1218 tristi
1578 1183 1745 1235 saepe
1788 1163 1998 1232 iocoso,

329 1255 406 1305 20
453 1250 786 1304 defendente
829 1250 1008 1304 vicem
1050 1251 1214 1304 modo
1264 1247 1500 1304 rhetoris
1544 1257 1712 1321 atque
1758 1259 1979 1321 poetae,

461 1336 736 1390 interdum
781 1334 997 1401 urbani,
1043 1335 1322 1406 parcentia
1367 1332 1579 1389 viribus
1614 1343 1784 1407 atque

451 1420 808 1476 extenuantis
855 1437 950 1474 eae
998 1419 1270 1477 consulto,
1316 1418 1613 1474 ridiculum
1655 1419 1770 1475 acri

451 1505 647 1561 fortius
693 1515 751 1560 et
792 1505 987 1560 melius
1035 1523 1262 1576 magnas
1306 1505 1631 1576 plerumque
1674 1512 1824 1560 accat
1866 1522 1979 1560 res-

449 1591 552 1658 illi,
600 1589 806 1662 scripta
849 1590 1052 1662 quibus
1099 1589 1390 1645 comoedia
1430 1589 1616 1660 prisca
1658 1590 1792 1645 viris
1834 1598 1940 1656 eet,

327 1684 404 1734 25
455 1679 561 1731 boc
605 1677 844 1742 stabant,
888 1676 992 1730 hoc
1035 1683 1166 1730 sunt
1208 1674 1491 1730 imitandi:
1536 1693 1677 1747 quos
1723 1693 1907 1748 neque
1952 1675 2209 1747 pulcher

449 1763 834 1832 Hermogenes
883 1779 1122 1832 unquam
1168 1760 1327 1831 legit,
1374 1778 1559 1832 neque
1603 1759 1795 1815 simius
1836 1759 1947 1814 iste

448 1847 530 1902 nil
571 1855 792 1919 praeter
837 1844 1068 1900 Calvum
1113 1853 1172 1900 et
1215 1847 1411 1900 doctus
1458 1854 1682 1901 cantare
1727 1846 2029 1902 Catullum.

453 1930 530 1988 ‘at
571 1949 832 2002 magnum
873 1931 1026 1998 fecit,
1072 1931 1222 2002 quod
1264 1931 1449 1986 verbis
1500 1931 1715 1988 Graeca
1754 1931 1973 1986 Latinis

447 2017 708 2075 miscuit?
753 2033 786 2070 o
831 2015 940 2072 seri
985 2017 1314 2083 studiorum,
1362 2017 1531 2088 quine
1575 2016 1784 2088 putetis

325 2109 402 2161 ³0
449 2102 673 2158 difficile
718 2111 775 2157 et
821 2102 1038 2166 mirum,
1082 2101 1306 2156 Rhodio
1351 2104 1500 2174 quod
1538 2101 1883 2157 Pitholeonti

447 2188 729 2259 contigit?
777 2186 850 2243 ‘at
897 2205 1078 2242 sermo
1122 2187 1315 2258 lingua
1358 2186 1660 2242 concinnus
1704 2195 1941 2259 utraque

446 2275 688 2342 suavior,
734 2281 799 2327 ut
843 2272 980 2330 Chio
1024 2279 1159 2327 nota
1201 2271 1251 2326 si
1294 2273 1567 2327 conmista
1606 2271 2007 2328 Falernieat?

446 2377 571 2414 cum
615 2377 806 2414 verens
849 2357 1038 2424 faciae,
1083 2366 1143 2412 te
1187 2357 1371 2428 ipsum
1416 2367 1728 2430 percontor,
1774 2377 1846 2412 an
1890 2366 1949 2412 et
1998 2373 2133 2411 cum

451 2447 593 2499 dura
635 2443 740 2498 tibi
784 2445 1102 2515 peragenda
1144 2441 1229 2496 rei
1276 2442 1349 2496 sit
1393 2461 1585 2498 caussa
1620 2443 1861 2499 Petilli?

323 2535 401 2586 35
450 2529 663 2584 scilicet
707 2527 910 2583 oblitos
954 2528 1281 2600 patriaeque
1325 2527 1611 2601 patrisque
1654 2528 1863 2595 Latini,

453 2633 579 2670 cum
620 2613 829 2669 Pedius
875 2631 1095 2667 caussas
1141 2613 1379 2667 exsudet
1421 2613 1709 2686 Poplicola
1752 2620 1923 2686 atquo

449 2699 738 2766 Corvinus,
784 2698 979 2771 patriis
1023 2697 1403 2753 intermiscere
1446 2699 1623 2770 petita

445 2787 618 2842 verba
659 2784 794 2840 forie
839 2785 1018 2849 malis,
1067 2782 1333 2838 Canusini
1376 2802 1531 2840 more
1574 2782 1879 2856 bilinguis?
1972 2791 1979 2796 '

448 2882 618 2944 atque
663 2887 768 2943 ego
814 2887 938 2924 cum
983 2869 1228 2925 Graecos
1273 2869 1530 2935 facerem,
1575 2871 1739 2924 natus
1782 2886 1935 2924 mare
1980 2868 2155 2934 citra,

325 2961 403 3011 40
451 2956 772 3022 versiculos,
819 2955 998 3010 vetuit
1040 2972 1129 3009 me
1171 2953 1274 3008 tali
1317 2971 1455 3010 voce
1500 2954 1789 3023 Quirinus,

450 3049 582 3115 post
623 3041 861 3097 mediam
905 3049 1126 3097 noctem
1170 3039 1339 3104 visua,
1387 3057 1511 3094 cum
1553 3039 1767 3095 somnia
1810 3057 1962 3107 vera,

453 3127 528 3182 ‘in
572 3125 770 3182 silvam
813 3144 924 3181 non
967 3127 1122 3198 ligna
1163 3126 1311 3180 feras
1356 3123 1603 3181 insanius
1648 3143 1714 3180 ac
1756 3125 1805 3180 si

451 3230 677 3283 magnas
722 3210 1061 3268 Graecorum
1105 3210 1263 3266 malis
1304 3209 1521 3281 inplere
1564 3210 1851 3266 catervas?

449 3297 707 3369 turgidus
751 3296 991 3369 Alpinus
1038 3295 1252 3367 iugulat
1297 3296 1427 3349 dnm
1470 3296 1773 3351 Memnona
1828 3297 2077 3368 dumque

331 3389 408 3438 45
459 3381 694 3454 delingit
731 3381 918 3437 Rheni
959 3382 1173 3437 luteum
1215 3388 1403 3452 caput,
1447 3381 1587 3437 haec
1630 3399 1735 3452 ego
1778 3381 1934 3448 ludo,
2182 3453 2187 3456 Ι

453 3484 594 3539 quae
639 3483 820 3538 neque
863 3466 924 3522 in
967 3471 1106 3524 aede
1151 3473 1353 3522 sonent
1395 3465 1666 3522 certantia
1707 3465 1893 3520 iudice
1936 3465 2147 3539 Tarpa,

453 3570 554 3607 nec
595 3554 832 3606 redeant
875 3553 1075 3608 iterum
1119 3560 1291 3624 atque
1333 3552 1533 3608 iterum
1578 3551 1882 3623 spectanda
1924 3552 2191 3608 theatris.
