2459 3959
891 234 1018 290 Lib.
1058 234 1140 294 11.
1195 243 1220 289 1
1238 237 1441 291 o--12

1117 413 1238 468 XII

311 559 486 616 Nolis
531 559 704 630 longa
747 559 897 614 ferae
942 560 1090 614 bella
1131 559 1488 627 Numantiae,

314 663 428 699 nec
473 645 656 699 dirum
701 644 1073 701 Hannibalem
1120 663 1224 700 nec
1272 645 1521 700 Siculum
1563 664 1715 701 mare

315 730 518 784 Poeno
560 748 898 802 purpureum
942 730 1210 801 sanguine
1254 731 1514 786 mollibus

415 815 597 888 aptari
642 814 886 870 citharae
930 815 1126 882 modia,

230 993 266 1040 5
321 1002 431 1040 nec
476 1002 667 1040 saevos
711 983 980 1055 Lapithas
1025 994 1081 1038 et
1125 984 1355 1040 nimium
1398 1005 1551 1042 mero

323 1071 607 1142 Hylaeum
653 1069 1006 1141 domitosque
1051 1071 1330 1125 Herculea
1373 1090 1540 1128 mauu

323 1156 545 1211 telluris
589 1155 836 1221 iuvenca,
883 1157 1031 1210 uude
1075 1156 1380 1226 periculum

414 1241 634 1314 fulgens
678 1239 1012 1295 contremuit
1056 1241 1252 1295 domus

328 1409 586 1479 [Saturni
630 1409 864 1476 veteris;
914 1418 1086 1481 tuque
1131 1410 1484 1482 pedestribus

191 1501 274 1552 10
327 1497 482 1551 dices
527 1493 774 1549 historiis
819 1495 1030 1566 proelia
1079 1495 1349 1564 Caesaris,

325 1583 644 1647 Maecenas,
689 1579 886 1634 melius
932 1582 1210 1652 ductaque
1255 1599 1356 1653 per
1397 1581 1512 1636 vias

419 1685 614 1739 regum
661 1665 804 1721 colla
846 1663 1185 1732 minacium]

336 1855 424 1892 me
472 1837 649 1891 dulcis
695 1837 950 1893 dominae
993 1839 1160 1892 Musa
1202 1838 1519 1909 Li‹·ymuiae

332 1931 546 1990 cantus,
593 1942 682 1978 me
727 1923 905 1978 voluit
949 1923 1132 1978 dicere
1177 1924 1427 1980 lucidum

201 2015 284 2064 15
339 2008 608 2078 fulgentis
656 2008 845 2063 oculos
891 2017 948 2064 et
991 2011 1134 2063 bene
1178 2010 1385 2064 mutuis

418 2093 590 2148 fidum
631 2097 830 2166 pectus
874 2094 1172 2162 amoribuS,

345 2283 510 2338 quam
554 2283 654 2319 nec
695 2266 840 2320 ferre
886 2266 1088 2336 pedem
1133 2266 1396 2321 dedecuit
1440 2267 1621 2320 choris

345 2369 450 2405 nec
495 2360 706 2406 certare
751 2351 873 2406 ioco
920 2367 1018 2405 nec
1066 2352 1198 2405 dare
1245 2351 1466 2405 brachia

342 2436 623 2492 ludentem
667 2435 856 2492 nitidis
900 2435 1206 2506 virginibus
1253 2455 1407 2492 sacro

219 2527 292 2574 20
421 2522 636 2578 Dianae
683 2522 913 2577 celebris
962 2522 1072 2576 die.

341 2710 470 2746 num
513 2700 574 2747 tu
617 2711 760 2766 quae
803 2693 985 2748 tenuit
1029 2693 1188 2748 dives
1232 2692 1615 2748 Achaemenes

341 2787 436 2832 aut
477 2778 700 2850 pinguis
745 2779 1022 2851 Phrygiae
1063 2779 1399 2850 Mygdonias
1444 2798 1577 2852 opes

341 2873 652 2934 permutare
697 2864 834 2918 velis
880 2864 1030 2918 crine
1075 2864 1414 2935 Licymniae,

427 2948 618 3021 plenas
665 2958 762 3004 aut
803 2950 1056 3004 Arabum
1100 2951 1337 3005 domos?

229 3127 297 3178 25
346 3121 474 3175 dum
515 3119 808 3192 flagrantia
853 3121 1151 3192 detorquet
1196 3121 1267 3173 ad
1310 3121 1498 3174 oscula

343 3204 622 3272 cervicem,
669 3215 764 3260 aut
808 3205 958 3260 facili
1002 3205 1235 3261 saevitia
1277 3214 1461 3276 negat,

343 3309 481 3363 quae
524 3299 787 3363 poscente
831 3290 1008 3363 magis
1051 3293 1293 3362 gaudeat
1335 3289 1493 3362 eripi,

426 3376 702 3432 interdum
746 3395 942 3449 rapere
987 3377 1265 3448 occupat?

2062 235 2153 296 43
