2459 3959
356 295 484 357 132
1175 301 1497 359 EPODON

1241 481 1419 538 XVII

480 625 601 680 Iam
646 625 756 680 iam
801 625 1014 681 efficaci
1057 627 1130 681 do
1173 643 1367 682 manus
1414 627 1699 696 scientiae,

481 712 720 784 supplex
765 719 820 766 et
865 729 962 766 oro
1005 730 1182 784 regna
1224 730 1329 784 per
1372 713 1755 786 Proserpinae,

480 815 583 869 per
627 805 683 852 et
724 797 941 851 Dianae
984 816 1096 852 non
1139 799 1415 853 movenda
1457 800 1685 852 numina

481 900 584 954 per
628 890 794 953 atque
840 881 1010 937 libros
1053 881 1357 937 carminum
1402 883 1701 938 valentium

479 967 654 1020 refixa
699 967 854 1022 eaelo
899 969 1169 1022 devocare
1213 967 1417 1035 sidera,

483 1051 735 1119 Canidia,
783 1069 950 1124 parce
993 1052 1220 1106 vocibus
1264 1053 1489 1107 tandem
1533 1052 1703 1107 sacris
1816 1055 1844 1065 ⁴

479 1137 761 1210 citumque
804 1145 956 1192 retro
1001 1138 1154 1192 solve
1201 1137 1357 1191 solve
1401 1138 1700 1192 turbinem.

477 1223 653 1277 movit
696 1231 958 1294 nepotem
1002 1223 1283 1294 Telephus
1326 1222 1615 1290 Nereium,

480 1309 540 1362 in
583 1325 749 1380 quem
794 1309 1066 1380 superbus
1113 1307 1393 1361 ordinarat
1438 1307 1660 1379 agmina

361 1391 438 1447 10
482 1394 771 1463 Mysorum
815 1401 872 1446 et
914 1393 972 1447 in
1017 1411 1180 1465 quem
1225 1393 1339 1446 tela
1382 1402 1543 1447 acuta
1586 1386 1844 1447 torserat.

357 1822 428 1871 15

357 2245 433 2297 20

359 2679 430 2728 25

353 3104 429 3157 80

476 1497 687 1533 unxere
731 1485 933 1533 matres
975 1478 1113 1533 Iliae
1156 1477 1439 1532 addictum
1482 1477 1613 1532 feris

480 1563 705 1629 alitibus
751 1571 917 1634 atque
961 1563 1190 1618 canibus
1234 1563 1569 1617 homicidam
1610 1563 1935 1632 Hectorem,

479 1657 773 1721 postquam
817 1649 1026 1703 relictis
1069 1648 1357 1702 moenibus
1400 1665 1498 1702 rex
1539 1648 1782 1720 procidit-

478 1735 590 1788 heu
647 1733 953 1806 pervicacis
999 1733 1070 1785 ad
1112 1735 1283 1805 pedes
1329 1733 1589 1788 Achillei.

479 1827 665 1874 setosa
708 1819 862 1873 duris
907 1835 1110 1872 exuere
1153 1817 1391 1889 pellibus

478 1903 742 1959 laboriosi
784 1904 1021 1976 remiges
1063 1903 1253 1958 Vlixei

479 1991 704 2045 volente
750 1989 912 2044 Circe
954 1990 1230 2055 membra;
1275 1995 1408 2042 tunc
1449 2007 1605 2043 mens
1650 1999 1709 2044 et
1749 2007 1919 2044 sonus

479 2077 728 2148 relapsus
773 2084 940 2147 atque
983 2083 1148 2129 notus
1192 2073 1252 2126 in
1296 2072 1479 2128 voltus
1524 2076 1721 2131 honor.

480 2161 609 2216 dedi
654 2161 787 2216 satis
834 2177 1110 2233 superque
1154 2175 1459 2231 poenarum
1502 2159 1629 2225 tibi,

480 2255 661 2300 amata
703 2246 885 2300 nautis
930 2246 1166 2299 multum
1209 2252 1269 2298 et
1310 2244 1679 2299 institoribus.

477 2332 622 2403 fugit
664 2331 932 2399 iuventas,
979 2339 1036 2385 et
1078 2331 1421 2384 verecundus
1470 2331 1623 2384 color

475 2415 703 2488 reliquit
748 2435 844 2470 ora
886 2418 1031 2490 pelle
1075 2415 1276 2471 amicta
1318 2414 1526 2482 lurida3

478 2501 589 2556 tuis
636 2502 867 2574 capillus
913 2504 1070 2557 albus
1117 2511 1204 2557 est
1248 2499 1539 2567 odoribus3

480 2587 694 2642 nullum
739 2605 771 2642 a
816 2588 1004 2643 labore
1047 2606 1134 2642 me
1177 2584 1414 2640 reclinat
1458 2586 1650 2640 otium.

483 2681 683 2745 urguet
728 2672 876 2727 diem
919 2692 1032 2728 nox
1074 2681 1132 2727 et
1175 2671 1293 2725 dies
1338 2678 1581 2739 noctem,
1626 2689 1811 2743 neque
1855 2680 1945 2727 est

475 2759 662 2813 levare
707 2765 862 2812 tenta
907 2759 1103 2832 spiritu
1145 2757 1491 2829 praecordia.

477 2862 610 2914 ergo
654 2852 918 2914 negatum
959 2843 1151 2898 vincor
1193 2850 1257 2896 ut
1303 2844 1525 2896 credam
1568 2842 1756 2915 miser,

481 2930 703 2984 Sabella
745 2939 936 3001 pectus
980 2930 1265 2999 increpare
1312 2929 1575 2995 carmina,

478 3023 760 3087 caputque
804 3016 992 3069 Marsa
1037 3013 1276 3068 dissilire
1320 3012 1505 3067 nenia.

479 3101 614 3173 quid
659 3100 894 3174 amplius
939 3099 1064 3154 vis?
1109 3117 1142 3153 o
1184 3115 1354 3164 mare,
1400 3115 1433 3152 o
1478 3106 1657 3164 terra,
1704 3099 1873 3153 ardeo

479 3194 747 3259 quantum
794 3204 972 3256 neque
1017 3194 1136 3239 atro
1183 3183 1465 3237 delibutus
1508 3183 1781 3238 Hercules

470 3272 635 3329 Nessi
681 3290 900 3338 cruore,
951 3289 1048 3324 nec
1093 3270 1293 3324 Sicana
1335 3269 1549 3323 fervida

471 3361 658 3412 furens
702 3356 760 3410 in
804 3356 990 3412 Aetna
1033 3357 1274 3410 flamma.
1322 3362 1400 3421 tu,
1447 3356 1629 3409 donec
1674 3354 1813 3410 cinis

471 3441 754 3497 iniuriosis
800 3441 984 3496 aridus
1028 3439 1212 3496 ventis
1255 3439 1421 3508 ferar,
