2459 3959
276 256 405 319 282
984 265 1205 321 EPIST
1215 266 1538 323 VLARVM

280 765 357 814 30

273 1190 348 1241 35

274 1617 352 1667 40

272 2044 348 2094 45

267 2473 344 2524 50

262 2904 341 2953 55

267 3333 343 3381 60

401 418 725 491 pontificum
772 420 966 489 libros,
1014 438 1225 477 annosa
1268 421 1552 478 volumina
1596 432 1782 479 vatum

403 504 625 559 dictitet
668 504 910 560 Albano-
936 507 1129 562 Musas
1172 506 1234 561 in
1275 515 1463 562 monte
1507 507 1738 565 locutas.

401 588 467 656 si,
512 589 645 662 quia
688 588 984 647 Graiorum
1028 599 1159 647 sunt
1200 592 1591 666 antiquissima
1633 613 1886 669 quaeque

404 674 613 748 scripta
654 676 749 731 vel
793 675 1020 749 optima,
1064 678 1305 733 Romani
1348 686 1656 750 pensantur
1697 683 1888 737 eadem

404 760 709 832 scriptores
754 762 984 831 trutina,
1030 781 1145 819 nou
1188 770 1276 818 est
1318 766 1470 838 quod
1511 765 1686 819 multa
1728 767 2052 840 loquamur:

400 844 482 900 uil
524 846 675 901 intra
719 854 807 903 est
850 847 995 916 olea,
1042 849 1121 904 uil
1164 858 1329 905 extra
1371 858 1456 906 est
1496 848 1556 906 iu
1600 868 1742 907 nuce
1785 854 1929 919 duri,

399 930 653 988 venimus
698 935 770 987 ad
814 951 1088 991 summum
1130 936 1408 1005 fortunae,
1455 935 1736 1008 pingimus
1779 947 1946 1011 atque

400 1017 684 1089 psallimus
730 1027 788 1074 et
832 1019 1105 1075 luctamur
1148 1020 1379 1077 Achivis
1425 1020 1617 1077 scitius
1661 1023 1860 1079 unctis.

400 1101 448 1156 si
492 1103 727 1159 meliora
770 1104 909 1169 dies,
955 1113 1019 1160 ut
1060 1107 1205 1174 vina,
1253 1114 1514 1179 poemata.
1555 1107 1761 1175 reddit,

398 1186 537 1243 scire
582 1190 768 1256 velim,
814 1191 1019 1245 chartis
1062 1194 1306 1265 pretium
1349 1201 1554 1264 quotus
1600 1194 1832 1265 adroget
1875 1213 2073 1251 annus.

399 1273 638 1346 scriptor
680 1276 883 1331 adhinc
926 1293 1101 1333 anuos
1148 1287 1372 1334 eentum
1415 1279 1514 1351 qui
1557 1278 1789 1347 decidit,
1837 1279 1985 1335 inter

397 1360 675 1430 perfectos
721 1369 1050 1433 veteresque
1094 1365 1292 1419 referri
1337 1365 1508 1419 debet
1550 1381 1623 1419 an
1666 1364 1814 1420 inter

396 1443 521 1499 vilis
566 1455 737 1519 atque
781 1448 1001 1502 novos?
1046 1450 1311 1505 excludat
1354 1450 1537 1523 iurgia
1579 1448 1724 1505 finis.

402 1527 511 1584 ‘est
553 1540 715 1589 vetus
760 1541 929 1603 atque
972 1536 1201 1605 probus,
1249 1543 1472 1591 centum
1517 1536 1616 1608 qui
1658 1536 1878 1607 perficit
1917 1530 2134 1593 anuos.'

401 1615 579 1687 quid?
624 1619 720 1690 qui
766 1619 1009 1689 deperiit
1052 1622 1234 1675 minor
1276 1638 1388 1676 uno
1433 1638 1622 1677 meuse
1665 1620 1759 1677 vel
1805 1640 1968 1689 anu0‚

394 1701 545 1756 iuter
588 1722 729 1775 quos
774 1704 1099 1760 referendus
1144 1706 1291 1761 erit?
1335 1714 1628 1763 veteresne
1668 1714 1880 1778 poetas,

396 1803 465 1839 an
510 1805 651 1859 quos
697 1797 754 1845 et
796 1807 1061 1862 praeseus
1106 1799 1164 1847 et
1204 1801 1434 1863 postera
1475 1801 1702 1864 respuat
1747 1794 1938 1848 aetas?

398 1868 519 1926 ‘iste
563 1874 788 1945 quidem
834 1883 1051 1931 veteres
1096 1877 1245 1932 inter
1286 1885 1528 1951 ponetur
1569 1879 1822 1943 honeste,

395 1957 493 2030 qui
535 1959 625 2013 vel
669 1978 859 2017 mense
907 1962 1062 2017 brevi
1104 1964 1195 2018 vel
1238 1972 1362 2019 toto
1407 1971 1496 2019 est
1537 1963 1721 2019 iunior
1763 1966 1948 2018 annoss

398 2050 526 2098 utor
568 2046 859 2116 permisso,
905 2050 1231 2122 >caudaeque
1276 2050 1418 2121 pilos
1462 2058 1526 2103 ut
1569 2046 1806 2121 equinae

392 2129 682 2199 paullatim
727 2133 876 2188 vello
922 2143 981 2187 et
1024 2136 1187 2191 demo
1234 2154 1424 2201 unum,
1470 2136 1634 2189 demo
1678 2143 1736 2188 et
1778 2133 1914 2188 item
1959 2154 2148 2200 unum,

394 2214 527 2269 dum
570 2218 733 2272 cadat
778 2221 963 2273 elusus
1007 2219 1227 2276 ratione
1273 2219 1486 2277 ruentis
1531 2219 1734 2284 acervi,

394 2299 492 2370 qui
533 2302 683 2357 redit
725 2303 784 2359 iu
826 2304 1004 2359 fastus
1051 2315 1109 2362 et
1152 2308 1419 2361 virtutem
1464 2306 1722 2360 aestimat
1767 2304 1924 2359 annis

391 2383 735 2459 miraturque
776 2390 917 2445 nihil
964 2390 1072 2445 nisi
1116 2394 1267 2463 quod
1311 2390 1562 2447 Libitina
1602 2389 1862 2446 sacravit.

390 2469 606 2525 Ennius
651 2482 709 2529 et
752 2475 970 2548 sapiens
1015 2484 1074 2531 et
1118 2478 1277 2533 fortis
1322 2485 1380 2532 et
1421 2476 1567 2531 alter
1608 2477 1909 2543 Homerus,

391 2563 457 2610 ut
498 2556 677 2612 critici
721 2560 934 2631 dicunt,
981 2562 1179 2617 leviter
1222 2580 1420 2619 curare
1463 2561 1688 2616 videtur

392 2659 503 2713 quo
550 2645 821 2715 promissa
866 2650 1071 2704 cadant
1114 2658 1171 2703 et
1215 2648 1430 2703 somnia
1472 2648 1844 2719 Pythagorea.

392 2726 643 2784 Naevius
687 2731 744 2786 in
790 2734 1043 2790 manibus
1088 2752 1202 2789 non
1247 2744 1334 2791 est
1377 2742 1436 2789 et
1481 2734 1758 2788 mentibus
1803 2732 1994 2785 haeret

392 2830 571 2884 paene
614 2819 854 2873 recens?
898 2822 1037 2875 adeo
1084 2827 1334 2875 sanctum
1380 2828 1466 2874 est
1511 2827 1671 2872 vetus
1717 2833 1880 2871 omne
1921 2834 2149 2888 poema.

392 2900 693 2972 ambigitur
736 2906 1009 2975 quotiens,
1055 2914 1179 2960 uter
1220 2914 1348 2961 utro
1393 2905 1464 2959 sit
1507 2904 1678 2977 prior,
1725 2904 1904 2957 aufert

391 2984 667 3041 Pacuvius
712 2990 862 3045 docti
904 2992 1105 3045 famam
1150 2991 1317 3057 senis,
1365 2989 1554 3045 Attius
1599 2988 1714 3057 alti,

391 3070 596 3126 dicitur
639 3073 837 3130 Afrani
878 3084 1013 3148 toga
1055 3076 1384 3131 convenisse
1428 3075 1759 3138 Menandro,

389 3155 622 3213 Plautus
666 3161 738 3213 ad
782 3162 1067 3233 exemplar
1112 3161 1287 3216 Siculi
1328 3176 1632 3233 properare
1675 3158 2012 3231 Epicharmi,

388 3241 614 3297 vincere
660 3244 931 3302 Caecilius
975 3246 1272 3318 gravitate,
1317 3245 1616 3300 Terentius
1661 3254 1794 3298 arte.

388 3325 492 3381 hos
536 3328 739 3383 ediscit
781 3339 839 3386 et
882 3332 981 3387 hos
1026 3340 1147 3387 arto
1192 3331 1399 3403 stipata
1440 3332 1660 3385 theatro

392 3420 610 3481 spectat
652 3413 831 3469 Roma
872 3425 1101 3490 potens3
1147 3417 1319 3471 habet
1361 3416 1464 3470 hos
1508 3422 1873 3486 numeratque
1917 3422 2116 3487 poetas

396 3497 465 3549 ad
510 3504 761 3554 nostrum
804 3507 1023 3574 tempus
1066 3501 1195 3555 Livi
1238 3500 1522 3572 scriptoris
1567 3500 1637 3554 ab
1682 3516 1842 3554 aevo.
