2459 3959
887 303 1039 360 LIB.
1073 304 1177 360 IV.
1227 306 1473 360 11-13

325 456 491 513 nardi
534 473 735 529 parvus
785 475 935 528 onyx
977 457 1166 515 eliciet
1210 461 1427 525 cadum,

330 543 430 616 qui
473 561 619 596 nunc
671 542 934 614 Sulpiciis
979 545 1220 598 adcubat
1262 542 1495 610 horreis,

327 646 456 701 spes
502 629 710 682 donare
757 646 932 683 novas
975 629 1165 701 largus
1210 645 1507 700 amaraque

188 718 273 768 20
414 731 670 768 curarum
714 712 905 767 eluere
923 715 1161 770 ἐθίσαι.

317 888 392 941 ad
442 903 583 956 quae
631 885 679 939 si
724 904 990 958 properas
1032 887 1251 957 gaudia,
1296 905 1420 943 cum
1462 894 1587 941 tua·

313 972 488 1026 velox
530 987 714 1024 merce
765 971 916 1026 veni:
963 990 1076 1026 non
1119 990 1225 1044 ego
1270 983 1328 1028 te
1370 971 1509 1028 meis

313 1057 596 1111 inmunem
641 1057 884 1111 meditor
926 1057 1182 1128 tinguere
1225 1059 1457 1130 poculis,

396 1141 562 1214 plena
607 1140 770 1196 dives
815 1150 878 1196 ut
921 1141 978 1196 in
1023 1145 1208 1198 domo.

174 1317 256 1366 25
309 1329 506 1367 verum
547 1329 695 1384 pone
743 1332 928 1368 moras
973 1323 1030 1369 et
1075 1315 1316 1370 studium
1359 1317 1517 1383 lucri,

304 1396 705 1470 nigrorumque
753 1417 990 1468 memor,
1036 1401 1168 1454 dum
1209 1401 1365 1469 licet,
1410 1401 1625 1473 ignium

289 1482 480 1538 *misce
523 1482 822 1538 stultitiam
869 1484 1118 1540 consiliis
1161 1487 1425 1542 brevem:

393 1567 554 1623 dulce
598 1577 686 1623 est
736 1569 997 1642 desipere
1039 1571 1098 1624 in
1141 1572 1286 1626 loco,

1083 1851 1235 1907 XIII

312 1997 613 2065 Audivere,
663 1998 836 2068 Lyce,
881 1998 940 2052 di
982 2017 1107 2054 mea
1149 2007 1301 2065 vota,
1348 1997 1405 2052 di

309 2083 593 2151 audivere,
641 2082 819 2154 Lyce:
864 2085 928 2138 fis
973 2102 1133 2153 anus,
1181 2093 1240 2139 et
1282 2092 1469 2138 tamen

395 2168 481 2223 vis
524 2167 772 2224 formosa
815 2167 1018 2232 videri,

488 2253 744 2325 ludisque
789 2262 848 2308 et
889 2253 1034 2309 bibis
1077 2253 1371 2326 inpudens,

224 2434 256 2483 5
307 2434 366 2482 et
407 2433 575 2481 cantu
618 2425 860 2480 tremulo
904 2433 1042 2496 pota.
1083 2425 1419 2498 Cupidinem
1497 2436 1499 2438 ’

305 2513 518 2568 lentum
559 2510 844 2565 sollicitas,
887 2509 984 2565 ille
1027 2512 1257 2566 virentis
1302 2521 1361 2568 et

393 2599 592 2652 doctae
634 2596 874 2668 psallere
921 2595 1094 2651 Chiae

475 2679 718 2754 pulchris
764 2682 1003 2736 excubat
1043 2681 1102 2736 in
1145 2680 1326 2753 genis.

304 2853 634 2926 inportunus
687 2853 837 2907 enim
880 2853 1189 2908 transvolat
1231 2852 1417 2908 aridas

188 2943 261 2994 10
307 2955 538 3012 quercus
583 2947 641 2992 et
680 2939 888 3010 refugit
928 2947 1004 3006 te,
1049 2938 1184 3011 quia
1225 2938 1396 2994 luridi

394 3025 590 3079 dentes
634 3032 710 3091 te,
757 3023 890 3096 quia
931 3041 1104 3095 rugae

475 3116 709 3182 turpant
753 3117 810 3164 et
855 3108 1052 3182 capitis
1097 3107 1277 3164 nives.

308 3296 415 3336 nec
457 3281 605 3337 Coae
646 3282 898 3336 referunt
938 3281 1050 3348 iam
1091 3280 1196 3336 tibi
1242 3300 1522 3355 purpurae

311 3382 416 3421 nec
457 3366 569 3422 cari
611 3365 827 3438 lapides
870 3375 1138 3438 tempora,
1182 3385 1327 3442 quae
1368 3368 1544 3424 semel

201 3457 268 3507 15
396 3451 542 3506 notis
586 3452 812 3507 condita
853 3451 1012 3506 fastis

479 3535 705 3592 inclusit
749 3536 987 3594 volucris
1033 3535 1176 3594 dies.

2039 297 2165 359 1⁰5
