<?xml version="1.0" encoding="UTF-8"?>
<!DOCTYPE html PUBLIC "-//W3C//DTD XHTML 1.0 Transitional//EN"
    "http://www.w3.org/TR/xhtml1/DTD/xhtml1-transitional.dtd">
<html xmlns="http://www.w3.org/1999/xhtml" xml:lang="en" lang="en">
 <head>
  <title>
</title>
<meta http-equiv="Content-Type" content="text/html;charset=utf-8" />
  <meta name='ocr-system' content='tesseract 3.04.00' />
  <meta name='ocr-capabilities' content='ocr_page ocr_carea ocr_par ocr_line ocrx_word'/>
</head>
<body>
  <div class='ocr_page' id='page_1' title='image "./qhoratiusflaccu00linkgoog_0246.png"; bbox 0 0 2459 3959; ppageno 0'>
   <div class='ocr_carea' id='block_1_1' title="bbox 286 305 1497 370">
    <p class='ocr_par' dir='ltr' id='par_1_1' title="bbox 286 305 1497 370">
     <span class='ocr_line' id='line_1_1' title="bbox 286 305 1497 370; baseline 0.002 -2"><span class='ocrx_word' id='word_1_1' title='bbox 286 305 412 370; x_wconf 75' lang='grc'><strong>186</strong></span> <span class='ocrx_word' id='word_1_2' title='bbox 1039 315 1497 370; x_wconf 78' lang='lat' dir='ltr'><strong>SATIRARVM</strong></span> 
     </span>
    </p>
   </div>
   <div class='ocr_carea' id='block_1_2' title="bbox 286 465 2187 3527">
    <p class='ocr_par' dir='ltr' id='par_1_2' title="bbox 413 465 1841 542">
     <span class='ocr_line' id='line_1_2' title="bbox 413 465 1841 542; baseline 0.002 -20"><span class='ocrx_word' id='word_1_3' title='bbox 413 487 501 524; x_wconf 89' lang='lat' dir='ltr'><strong>me</strong></span> <span class='ocrx_word' id='word_1_4' title='bbox 546 467 719 540; x_wconf 78' lang='lat' dir='ltr'><strong>gessi,</strong></span> <span class='ocrx_word' id='word_1_5' title='bbox 767 475 984 524; x_wconf 78' lang='lat' dir='ltr'><strong>certans</strong></span> <span class='ocrx_word' id='word_1_6' title='bbox 1030 487 1251 540; x_wconf 78' lang='lat' dir='ltr'>semper</span> <span class='ocrx_word' id='word_1_7' title='bbox 1296 469 1635 525; x_wconf 83' lang='lat' dir='ltr'><strong>melioribus.</strong></span> <span class='ocrx_word' id='word_1_8' title='bbox 1682 465 1841 542; x_wconf 84' lang='lat' dir='ltr'><strong>‘ergo</strong></span> 
     </span>
    </p>

    <p class='ocr_par' dir='ltr' id='par_1_3' title="bbox 289 546 2063 797">
     <span class='ocr_line' id='line_1_3' title="bbox 289 546 2063 627; baseline 0 -18"><span class='ocrx_word' id='word_1_9' title='bbox 289 556 369 610; x_wconf 76' lang='lat'><strong>20</strong></span> <span class='ocrx_word' id='word_1_10' title='bbox 415 572 628 627; x_wconf 78' lang='lat' dir='ltr'><strong>pauper</strong></span> <span class='ocrx_word' id='word_1_11' title='bbox 671 546 818 608; x_wconf 85' lang='lat' dir='ltr'><strong>eris.&#39;</strong></span> <span class='ocrx_word' id='word_1_12' title='bbox 859 554 1064 609; x_wconf 82' lang='lat' dir='ltr'><strong>fortem</strong></span> <span class='ocrx_word' id='word_1_13' title='bbox 1107 554 1216 608; x_wconf 89' lang='lat' dir='ltr'><strong>hoc</strong></span> <span class='ocrx_word' id='word_1_14' title='bbox 1260 555 1503 610; x_wconf 87' lang='lat' dir='ltr'><strong>animum</strong></span> <span class='ocrx_word' id='word_1_15' title='bbox 1546 556 1788 610; x_wconf 79' lang='lat' dir='ltr'><strong>tolerare</strong></span> <span class='ocrx_word' id='word_1_16' title='bbox 1830 555 2063 610; x_wconf 87' lang='lat' dir='ltr'><strong>iubebo:</strong></span> 
     </span>
     <span class='ocr_line' id='line_1_4' title="bbox 413 639 1811 712; baseline 0.001 -17"><span class='ocrx_word' id='word_1_17' title='bbox 413 648 471 695; x_wconf 86' lang='lat' dir='ltr'><strong>et</strong></span> <span class='ocrx_word' id='word_1_18' title='bbox 518 640 797 712; x_wconf 86' lang='lat' dir='ltr'><strong>quondam</strong></span> <span class='ocrx_word' id='word_1_19' title='bbox 841 640 1048 694; x_wconf 85' lang='lat' dir='ltr'><strong>maiora</strong></span> <span class='ocrx_word' id='word_1_20' title='bbox 1090 639 1214 695; x_wconf 89' lang='lat' dir='ltr'><strong>tuli.</strong></span> <span class='ocrx_word' id='word_1_21' title='bbox 1258 649 1320 695; x_wconf 88' lang='lat' dir='ltr'><strong>tu</strong></span> <span class='ocrx_word' id='word_1_22' title='bbox 1364 641 1617 712; x_wconf 83' lang='lat' dir='ltr'><strong>protinus</strong></span> <span class='ocrx_word' id='word_1_23' title='bbox 1660 642 1811 696; x_wconf 87' lang='lat' dir='ltr'><strong>unde</strong></span> 
     </span>
     <span class='ocr_line' id='line_1_5' title="bbox 419 724 1788 797; baseline 0.001 -19"><span class='ocrx_word' id='word_1_24' title='bbox 419 725 641 779; x_wconf 85' lang='lat' dir='ltr'><strong>divitias</strong></span> <span class='ocrx_word' id='word_1_25' title='bbox 687 724 942 796; x_wconf 87' lang='lat' dir='ltr'><strong>aerisque</strong></span> <span class='ocrx_word' id='word_1_26' title='bbox 985 743 1140 780; x_wconf 84' lang='lat' dir='ltr'><strong>ruam</strong></span> <span class='ocrx_word' id='word_1_27' title='bbox 1185 725 1277 779; x_wconf 92' lang='lat' dir='ltr'><strong>dic</strong></span> <span class='ocrx_word' id='word_1_28' title='bbox 1321 741 1498 797; x_wconf 86' lang='lat' dir='ltr'><strong>augur</strong></span> <span class='ocrx_word' id='word_1_29' title='bbox 1540 743 1788 782; x_wconf 82' lang='lat' dir='ltr'><strong>acervos.</strong></span> 
     </span>
    </p>

    <p class='ocr_par' dir='ltr' id='par_1_4' title="bbox 411 809 1941 961">
     <span class='ocr_line' id='line_1_6' title="bbox 416 809 1907 883; baseline 0.002 -20"><span class='ocrx_word' id='word_1_30' title='bbox 416 810 549 864; x_wconf 84' lang='lat' dir='ltr'>‘dixi</span> <span class='ocrx_word' id='word_1_31' title='bbox 595 809 853 882; x_wconf 78' lang='lat' dir='ltr'><strong>equidem</strong></span> <span class='ocrx_word' id='word_1_32' title='bbox 899 819 956 864; x_wconf 88' lang='lat' dir='ltr'><strong>et</strong></span> <span class='ocrx_word' id='word_1_33' title='bbox 999 811 1156 864; x_wconf 85' lang='lat' dir='ltr'><strong>dico:</strong></span> <span class='ocrx_word' id='word_1_34' title='bbox 1202 819 1393 883; x_wconf 87' lang='lat' dir='ltr'><strong>captes</strong></span> <span class='ocrx_word' id='word_1_35' title='bbox 1438 820 1652 866; x_wconf 85' lang='lat' dir='ltr'><strong>astutus</strong></span> <span class='ocrx_word' id='word_1_36' title='bbox 1698 813 1907 882; x_wconf 87' lang='lat' dir='ltr'><strong>ubique</strong></span> 
     </span>
     <span class='ocr_line' id='line_1_7' title="bbox 411 896 1941 961; baseline 0 -11"><span class='ocrx_word' id='word_1_37' title='bbox 411 903 744 950; x_wconf 86' lang='lat' dir='ltr'><strong>testamenta</strong></span> <span class='ocrx_word' id='word_1_38' title='bbox 786 913 998 961; x_wconf 86' lang='lat' dir='ltr'><strong>senum,</strong></span> <span class='ocrx_word' id='word_1_39' title='bbox 1045 913 1171 956; x_wconf 82' lang='lat' dir='ltr'><strong>neu,</strong></span> <span class='ocrx_word' id='word_1_40' title='bbox 1220 896 1266 949; x_wconf 83' lang='lat' dir='ltr'><strong>si</strong></span> <span class='ocrx_word' id='word_1_41' title='bbox 1312 898 1467 950; x_wconf 84' lang='lat' dir='ltr'><strong>vafer</strong></span> <span class='ocrx_word' id='word_1_42' title='bbox 1510 915 1652 952; x_wconf 88' lang='lat' dir='ltr'><strong>unus</strong></span> <span class='ocrx_word' id='word_1_43' title='bbox 1696 908 1755 952; x_wconf 91' lang='lat' dir='ltr'><strong>et</strong></span> <span class='ocrx_word' id='word_1_44' title='bbox 1797 898 1941 951; x_wconf 86' lang='lat' dir='ltr'><strong>alter</strong></span> 
     </span>
    </p>

    <p class='ocr_par' dir='ltr' id='par_1_5' title="bbox 288 979 1961 1393">
     <span class='ocr_line' id='line_1_8' title="bbox 288 979 1584 1054; baseline 0.002 -20"><span class='ocrx_word' id='word_1_45' title='bbox 288 985 362 1034; x_wconf 78' lang='lat'><strong>25</strong></span> <span class='ocrx_word' id='word_1_46' title='bbox 412 979 798 1034; x_wconf 76' lang='lat' dir='ltr'>insidiatorem</span> <span class='ocrx_word' id='word_1_47' title='bbox 840 999 1104 1052; x_wconf 81' lang='lat' dir='ltr'><strong>praeroso</strong></span> <span class='ocrx_word' id='word_1_48' title='bbox 1149 982 1360 1054; x_wconf 83' lang='lat' dir='ltr'><strong>fugerit</strong></span> <span class='ocrx_word' id='word_1_49' title='bbox 1400 983 1584 1051; x_wconf 67' lang='lat' dir='ltr'><strong>luam0‚</strong></span> 
     </span>
     <span class='ocr_line' id='line_1_9' title="bbox 415 1067 1910 1136; baseline -0.001 -15"><span class='ocrx_word' id='word_1_50' title='bbox 415 1074 512 1121; x_wconf 91' lang='lat' dir='ltr'><strong>aut</strong></span> <span class='ocrx_word' id='word_1_51' title='bbox 554 1081 710 1136; x_wconf 87' lang='lat' dir='ltr'><strong>spem</strong></span> <span class='ocrx_word' id='word_1_52' title='bbox 755 1067 1000 1136; x_wconf 80' lang='lat' dir='ltr'>deponas</span> <span class='ocrx_word' id='word_1_53' title='bbox 1048 1075 1146 1120; x_wconf 87' lang='lat' dir='ltr'><strong>aut</strong></span> <span class='ocrx_word' id='word_1_54' title='bbox 1190 1075 1367 1121; x_wconf 82' lang='lat' dir='ltr'><strong>artem</strong></span> <span class='ocrx_word' id='word_1_55' title='bbox 1411 1067 1623 1121; x_wconf 85' lang='lat' dir='ltr'><strong>inlusus</strong></span> <span class='ocrx_word' id='word_1_56' title='bbox 1668 1067 1910 1122; x_wconf 78' lang='lat' dir='ltr'><strong>omittas.</strong></span> 
     </span>
     <span class='ocr_line' id='line_1_10' title="bbox 413 1151 1836 1222; baseline 0.001 -18"><span class='ocrx_word' id='word_1_57' title='bbox 413 1169 615 1222; x_wconf 87' lang='lat' dir='ltr'><strong>magna</strong></span> <span class='ocrx_word' id='word_1_58' title='bbox 657 1151 907 1205; x_wconf 83' lang='lat' dir='ltr'><strong>minorve</strong></span> <span class='ocrx_word' id='word_1_59' title='bbox 949 1152 1068 1206; x_wconf 83' lang='lat' dir='ltr'><strong>foro</strong></span> <span class='ocrx_word' id='word_1_60' title='bbox 1115 1151 1162 1206; x_wconf 86' lang='lat' dir='ltr'><strong>si</strong></span> <span class='ocrx_word' id='word_1_61' title='bbox 1205 1170 1297 1206; x_wconf 81' lang='lat' dir='ltr'><strong>res</strong></span> <span class='ocrx_word' id='word_1_62' title='bbox 1342 1153 1646 1207; x_wconf 78' lang='lat' dir='ltr'><strong>certabitur</strong></span> <span class='ocrx_word' id='word_1_63' title='bbox 1688 1153 1836 1216; x_wconf 81' lang='lat' dir='ltr'><strong>olim,</strong></span> 
     </span>
     <span class='ocr_line' id='line_1_11' title="bbox 405 1236 1961 1310; baseline 0 -20"><span class='ocrx_word' id='word_1_64' title='bbox 405 1237 559 1291; x_wconf 76' lang='lat' dir='ltr'><strong>vivet</strong></span> <span class='ocrx_word' id='word_1_65' title='bbox 602 1244 728 1290; x_wconf 84' lang='lat' dir='ltr'><strong>uter</strong></span> <span class='ocrx_word' id='word_1_66' title='bbox 768 1236 1018 1308; x_wconf 75' lang='lat' dir='ltr'>locuples</span> <span class='ocrx_word' id='word_1_67' title='bbox 1064 1237 1184 1290; x_wconf 82' lang='lat' dir='ltr'><strong>sine</strong></span> <span class='ocrx_word' id='word_1_68' title='bbox 1229 1238 1433 1309; x_wconf 84' lang='lat' dir='ltr'><strong>gnatis,</strong></span> <span class='ocrx_word' id='word_1_69' title='bbox 1480 1237 1767 1310; x_wconf 85' lang='lat' dir='ltr'><strong>inprobus,</strong></span> <span class='ocrx_word' id='word_1_70' title='bbox 1814 1237 1961 1290; x_wconf 87' lang='lat' dir='ltr'><strong>ultro</strong></span> 
     </span>
     <span class='ocr_line' id='line_1_12' title="bbox 412 1320 1885 1393; baseline 0.001 -17"><span class='ocrx_word' id='word_1_71' title='bbox 412 1323 510 1393; x_wconf 90' lang='lat' dir='ltr'><strong>qui</strong></span> <span class='ocrx_word' id='word_1_72' title='bbox 552 1320 839 1377; x_wconf 86' lang='lat' dir='ltr'><strong>meliorem</strong></span> <span class='ocrx_word' id='word_1_73' title='bbox 883 1323 1066 1375; x_wconf 86' lang='lat' dir='ltr'><strong>audax</strong></span> <span class='ocrx_word' id='word_1_74' title='bbox 1113 1332 1272 1376; x_wconf 85' lang='lat' dir='ltr'><strong>vocet</strong></span> <span class='ocrx_word' id='word_1_75' title='bbox 1317 1323 1374 1377; x_wconf 89' lang='lat' dir='ltr'><strong>in</strong></span> <span class='ocrx_word' id='word_1_76' title='bbox 1419 1323 1524 1390; x_wconf 82' lang='lat' dir='ltr'><strong>ius,</strong></span> <span class='ocrx_word' id='word_1_77' title='bbox 1570 1322 1717 1377; x_wconf 87' lang='lat' dir='ltr'><strong>illius</strong></span> <span class='ocrx_word' id='word_1_78' title='bbox 1763 1331 1885 1378; x_wconf 86' lang='lat' dir='ltr'><strong>esto</strong></span> 
     </span>
    </p>

    <p class='ocr_par' dir='ltr' id='par_1_6' title="bbox 286 1403 2177 1656">
     <span class='ocr_line' id='line_1_13' title="bbox 286 1403 1739 1479; baseline 0 -17"><span class='ocrx_word' id='word_1_79' title='bbox 286 1412 363 1462; x_wconf 73' lang='lat'><strong>80</strong></span> <span class='ocrx_word' id='word_1_80' title='bbox 412 1407 696 1462; x_wconf 83' lang='lat' dir='ltr'><strong>defensor:</strong></span> <span class='ocrx_word' id='word_1_81' title='bbox 739 1407 885 1460; x_wconf 84' lang='lat' dir='ltr'><strong>fama</strong></span> <span class='ocrx_word' id='word_1_82' title='bbox 928 1406 1104 1462; x_wconf 85' lang='lat' dir='ltr'><strong>civem</strong></span> <span class='ocrx_word' id='word_1_83' title='bbox 1147 1425 1453 1479; x_wconf 85' lang='lat' dir='ltr'><strong>caussaque</strong></span> <span class='ocrx_word' id='word_1_84' title='bbox 1495 1403 1739 1479; x_wconf 79' lang='lat' dir='ltr'><strong>priorem</strong></span> 
     </span>
     <span class='ocr_line' id='line_1_14' title="bbox 415 1492 1973 1564; baseline -0.001 -18"><span class='ocrx_word' id='word_1_85' title='bbox 415 1511 636 1564; x_wconf 78' lang='lat' dir='ltr'><strong>sperne,</strong></span> <span class='ocrx_word' id='word_1_86' title='bbox 684 1493 832 1545; x_wconf 90' lang='lat' dir='ltr'><strong>domi</strong></span> <span class='ocrx_word' id='word_1_87' title='bbox 877 1492 921 1546; x_wconf 88' lang='lat' dir='ltr'><strong>si</strong></span> <span class='ocrx_word' id='word_1_88' title='bbox 967 1503 1168 1562; x_wconf 77' lang='lat' dir='ltr'><strong>gnatus</strong></span> <span class='ocrx_word' id='word_1_89' title='bbox 1211 1493 1323 1546; x_wconf 82' lang='lat' dir='ltr'><strong>erit</strong></span> <span class='ocrx_word' id='word_1_90' title='bbox 1363 1495 1669 1548; x_wconf 83' lang='lat' dir='ltr'><strong>fecundave</strong></span> <span class='ocrx_word' id='word_1_91' title='bbox 1714 1493 1973 1547; x_wconf 84' lang='lat' dir='ltr'><strong>coniunx.</strong></span> 
     </span>
     <span class='ocr_line' id='line_1_15' title="bbox 416 1575 2177 1656; baseline -0.001 -25"><span class='ocrx_word' id='word_1_92' title='bbox 416 1577 723 1645; x_wconf 84' lang='lat' dir='ltr'><strong>“Quinte,”</strong></span> <span class='ocrx_word' id='word_1_93' title='bbox 766 1586 917 1649; x_wconf 84' lang='lat' dir='ltr'><strong>puta,</strong></span> <span class='ocrx_word' id='word_1_94' title='bbox 963 1585 1080 1656; x_wconf 24' lang='lat' dir='ltr'><strong>aut&amp;</strong></span> <span class='ocrx_word' id='word_1_95' title='bbox 1109 1576 1357 1632; x_wconf 85' lang='lat' dir='ltr'><strong>“Publi”</strong></span> <span class='ocrx_word' id='word_1_96' title='bbox 1396 1606 1484 1616; x_wconf 88' lang='lat'><strong>——</strong></span> <span class='ocrx_word' id='word_1_97' title='bbox 1526 1581 1771 1650; x_wconf 86' lang='lat' dir='ltr'><strong>gaudent</strong></span> <span class='ocrx_word' id='word_1_98' title='bbox 1814 1575 2177 1647; x_wconf 75' lang='lat' dir='ltr'><strong>praenomine</strong></span> 
     </span>
    </p>

    <p class='ocr_par' dir='ltr' id='par_1_7' title="bbox 409 1661 2019 1905">
     <span class='ocr_line' id='line_1_16' title="bbox 1824 1661 2019 1716; baseline 0 0"><span class='ocrx_word' id='word_1_99' title='bbox 1824 1661 2019 1716; x_wconf 81' lang='lat' dir='ltr'><strong>molles</strong></span> 
     </span>
     <span class='ocr_line' id='line_1_17' title="bbox 409 1745 2001 1815; baseline -0.003 -12"><span class='ocrx_word' id='word_1_100' title='bbox 409 1747 688 1803; x_wconf 80' lang='lat' dir='ltr'><strong>auriculae</strong></span> <span class='ocrx_word' id='word_1_101' title='bbox 732 1773 834 1815; x_wconf 84' lang='grc'><strong>-·,</strong></span> <span class='ocrx_word' id='word_1_102' title='bbox 884 1745 1024 1802; x_wconf 90' lang='lat' dir='ltr'><strong>“tibi</strong></span> <span class='ocrx_word' id='word_1_103' title='bbox 1069 1766 1156 1800; x_wconf 91' lang='lat' dir='ltr'><strong>me</strong></span> <span class='ocrx_word' id='word_1_104' title='bbox 1201 1749 1377 1802; x_wconf 78' lang='lat' dir='ltr'><strong>virtus</strong></span> <span class='ocrx_word' id='word_1_105' title='bbox 1422 1759 1519 1802; x_wconf 87' lang='lat' dir='ltr'><strong>tua</strong></span> <span class='ocrx_word' id='word_1_106' title='bbox 1560 1749 1691 1804; x_wconf 79' lang='lat' dir='ltr'><strong>fecit</strong></span> <span class='ocrx_word' id='word_1_107' title='bbox 1737 1748 2001 1802; x_wconf 84' lang='lat' dir='ltr'><strong>amicum:</strong></span> 
     </span>
     <span class='ocr_line' id='line_1_18' title="bbox 413 1833 1858 1905; baseline -0.001 -19"><span class='ocrx_word' id='word_1_108' title='bbox 413 1833 499 1888; x_wconf 88' lang='lat' dir='ltr'><strong>ius</strong></span> <span class='ocrx_word' id='word_1_109' title='bbox 549 1851 748 1904; x_wconf 87' lang='lat' dir='ltr'><strong>anceps</strong></span> <span class='ocrx_word' id='word_1_110' title='bbox 792 1833 940 1896; x_wconf 80' lang='lat' dir='ltr'><strong>novi,</strong></span> <span class='ocrx_word' id='word_1_111' title='bbox 992 1849 1212 1886; x_wconf 80' lang='lat' dir='ltr'><strong>caussas</strong></span> <span class='ocrx_word' id='word_1_112' title='bbox 1260 1836 1558 1888; x_wconf 80' lang='lat' dir='ltr'><strong>defendere</strong></span> <span class='ocrx_word' id='word_1_113' title='bbox 1601 1851 1858 1905; x_wconf 86' lang='lat' dir='ltr'><strong>possum:</strong></span> 
     </span>
    </p>

    <p class='ocr_par' dir='ltr' id='par_1_8' title="bbox 287 1917 2187 2332">
     <span class='ocr_line' id='line_1_19' title="bbox 287 1917 1769 1991; baseline 0.001 -19"><span class='ocrx_word' id='word_1_114' title='bbox 287 1923 361 1974; x_wconf 80' lang='lat'><strong>85</strong></span> <span class='ocrx_word' id='word_1_115' title='bbox 414 1918 612 1990; x_wconf 88' lang='lat' dir='ltr'><strong>eripiet</strong></span> <span class='ocrx_word' id='word_1_116' title='bbox 656 1917 837 1990; x_wconf 86' lang='lat' dir='ltr'><strong>quivis</strong></span> <span class='ocrx_word' id='word_1_117' title='bbox 883 1918 1070 1973; x_wconf 86' lang='lat' dir='ltr'><strong>oculos</strong></span> <span class='ocrx_word' id='word_1_118' title='bbox 1117 1919 1280 1974; x_wconf 87' lang='lat' dir='ltr'><strong>citius</strong></span> <span class='ocrx_word' id='word_1_119' title='bbox 1325 1919 1459 1972; x_wconf 84' lang='lat' dir='ltr'><strong>mihi</strong></span> <span class='ocrx_word' id='word_1_120' title='bbox 1504 1938 1668 1991; x_wconf 87' lang='lat' dir='ltr'><strong>quam</strong></span> <span class='ocrx_word' id='word_1_121' title='bbox 1712 1928 1769 1973; x_wconf 88' lang='lat' dir='ltr'><strong>te</strong></span> 
     </span>
     <span class='ocr_line' id='line_1_20' title="bbox 411 2006 2187 2075; baseline -0.003 -15"><span class='ocrx_word' id='word_1_122' title='bbox 411 2012 784 2074; x_wconf 87' lang='lat' dir='ltr'><strong>contemptum</strong></span> <span class='ocrx_word' id='word_1_123' title='bbox 827 2019 980 2057; x_wconf 87' lang='lat' dir='ltr'><strong>cassa</strong></span> <span class='ocrx_word' id='word_1_124' title='bbox 1025 2019 1166 2058; x_wconf 89' lang='lat' dir='ltr'><strong>nuce</strong></span> <span class='ocrx_word' id='word_1_125' title='bbox 1209 2013 1512 2075; x_wconf 82' lang='lat' dir='ltr'><strong>pauperet:</strong></span> <span class='ocrx_word' id='word_1_126' title='bbox 1557 2006 1695 2059; x_wconf 84' lang='lat' dir='ltr'><strong>haec</strong></span> <span class='ocrx_word' id='word_1_127' title='bbox 1736 2021 1861 2057; x_wconf 88' lang='lat' dir='ltr'><strong>mea</strong></span> <span class='ocrx_word' id='word_1_128' title='bbox 1904 2019 2036 2056; x_wconf 77' lang='lat' dir='ltr'><strong>cura</strong></span> <span class='ocrx_word' id='word_1_129' title='bbox 2080 2009 2187 2068; x_wconf 83' lang='lat' dir='ltr'><strong>est,</strong></span> 
     </span>
     <span class='ocr_line' id='line_1_21' title="bbox 412 2089 2124 2160; baseline -0.003 -16"><span class='ocrx_word' id='word_1_130' title='bbox 412 2089 620 2160; x_wconf 86' lang='lat' dir='ltr'><strong>nequid</strong></span> <span class='ocrx_word' id='word_1_131' title='bbox 663 2099 725 2143; x_wconf 86' lang='lat' dir='ltr'><strong>tu</strong></span> <span class='ocrx_word' id='word_1_132' title='bbox 769 2089 990 2160; x_wconf 85' lang='lat' dir='ltr'><strong>perdas,</strong></span> <span class='ocrx_word' id='word_1_133' title='bbox 1036 2107 1144 2143; x_wconf 87' lang='lat' dir='ltr'><strong>neu</strong></span> <span class='ocrx_word' id='word_1_134' title='bbox 1191 2090 1267 2144; x_wconf 83' lang='lat' dir='ltr'><strong>sis</strong></span> <span class='ocrx_word' id='word_1_135' title='bbox 1312 2090 1523 2144; x_wconf 72' lang='lat' dir='ltr'><strong>iocus-’⁵</strong></span> <span class='ocrx_word' id='word_1_136' title='bbox 1564 2091 1647 2144; x_wconf 84' lang='lat' dir='ltr'><strong>ire</strong></span> <span class='ocrx_word' id='word_1_137' title='bbox 1692 2091 1915 2143; x_wconf 89' lang='lat' dir='ltr'><strong>domum</strong></span> <span class='ocrx_word' id='word_1_138' title='bbox 1957 2097 2124 2158; x_wconf 86' lang='lat' dir='ltr'><strong>atque</strong></span> 
     </span>
     <span class='ocr_line' id='line_1_22' title="bbox 412 2173 1739 2247; baseline 0.002 -21"><span class='ocrx_word' id='word_1_139' title='bbox 412 2174 731 2246; x_wconf 80' lang='lat' dir='ltr'><strong>pelliculam</strong></span> <span class='ocrx_word' id='word_1_140' title='bbox 779 2191 970 2227; x_wconf 82' lang='lat' dir='ltr'><strong>curare</strong></span> <span class='ocrx_word' id='word_1_141' title='bbox 1013 2173 1174 2240; x_wconf 83' lang='lat' dir='ltr'><strong>iube3</strong></span> <span class='ocrx_word' id='word_1_142' title='bbox 1222 2177 1259 2228; x_wconf 89' lang='lat' dir='ltr'><strong>fi</strong></span> <span class='ocrx_word' id='word_1_143' title='bbox 1305 2174 1561 2246; x_wconf 86' lang='lat' dir='ltr'><strong>cognitor</strong></span> <span class='ocrx_word' id='word_1_144' title='bbox 1600 2175 1739 2247; x_wconf 85' lang='lat' dir='ltr'><strong>ipse,</strong></span> 
     </span>
     <span class='ocr_line' id='line_1_23' title="bbox 411 2259 1957 2332; baseline -0.001 -20"><span class='ocrx_word' id='word_1_145' title='bbox 411 2267 600 2330; x_wconf 86' lang='lat' dir='ltr'><strong>persta</strong></span> <span class='ocrx_word' id='word_1_146' title='bbox 644 2269 811 2332; x_wconf 89' lang='lat' dir='ltr'><strong>atque</strong></span> <span class='ocrx_word' id='word_1_147' title='bbox 857 2261 1088 2326; x_wconf 81' lang='lat' dir='ltr'><strong>obdura,</strong></span> <span class='ocrx_word' id='word_1_148' title='bbox 1135 2279 1235 2314; x_wconf 89' lang='lat' dir='ltr'><strong>seu</strong></span> <span class='ocrx_word' id='word_1_149' title='bbox 1277 2263 1447 2316; x_wconf 82' lang='lat' dir='ltr'><strong>rubra</strong></span> <span class='ocrx_word' id='word_1_150' title='bbox 1490 2261 1741 2316; x_wconf 79' lang='lat' dir='ltr'><strong>canicula</strong></span> <span class='ocrx_word' id='word_1_151' title='bbox 1782 2259 1957 2314; x_wconf 84' lang='lat' dir='ltr'><strong>findet</strong></span> 
     </span>
    </p>

    <p class='ocr_par' dir='ltr' id='par_1_9' title="bbox 287 2344 1805 2504">
     <span class='ocr_line' id='line_1_24' title="bbox 287 2344 1755 2416; baseline 0.002 -19"><span class='ocrx_word' id='word_1_152' title='bbox 287 2346 366 2398; x_wconf 79' lang='lat'><strong>40</strong></span> <span class='ocrx_word' id='word_1_153' title='bbox 414 2344 636 2399; x_wconf 78' lang='lat' dir='ltr'><strong>infantis</strong></span> <span class='ocrx_word' id='word_1_154' title='bbox 681 2355 911 2411; x_wconf 79' lang='lat' dir='ltr'><strong>statuas,</strong></span> <span class='ocrx_word' id='word_1_155' title='bbox 959 2359 1055 2398; x_wconf 84' lang='lat' dir='ltr'><strong>seu</strong></span> <span class='ocrx_word' id='word_1_156' title='bbox 1101 2346 1295 2416; x_wconf 86' lang='lat' dir='ltr'><strong>pingui</strong></span> <span class='ocrx_word' id='word_1_157' title='bbox 1336 2355 1522 2400; x_wconf 85' lang='lat' dir='ltr'><strong>tentus</strong></span> <span class='ocrx_word' id='word_1_158' title='bbox 1566 2363 1755 2400; x_wconf 87' lang='lat' dir='ltr'><strong>omaso</strong></span> 
     </span>
     <span class='ocr_line' id='line_1_25' title="bbox 414 2429 1805 2504; baseline 0.003 -22"><span class='ocrx_word' id='word_1_159' title='bbox 414 2429 614 2483; x_wconf 83' lang='lat' dir='ltr'><strong>Furius</strong></span> <span class='ocrx_word' id='word_1_160' title='bbox 659 2430 916 2486; x_wconf 86' lang='lat' dir='ltr'><strong>hibernas</strong></span> <span class='ocrx_word' id='word_1_161' title='bbox 961 2447 1096 2484; x_wconf 87' lang='lat' dir='ltr'><strong>cana</strong></span> <span class='ocrx_word' id='word_1_162' title='bbox 1139 2431 1267 2484; x_wconf 87' lang='lat' dir='ltr'><strong>nive</strong></span> <span class='ocrx_word' id='word_1_163' title='bbox 1312 2441 1583 2504; x_wconf 81' lang='lat' dir='ltr'><strong>conspuet</strong></span> <span class='ocrx_word' id='word_1_164' title='bbox 1625 2430 1805 2502; x_wconf 79' lang='lat' dir='ltr'><strong>Alpis.</strong></span> 
     </span>
    </p>

    <p class='ocr_par' dir='ltr' id='par_1_10' title="bbox 414 2514 2145 2756">
     <span class='ocr_line' id='line_1_26' title="bbox 414 2514 2145 2588; baseline -0.001 -19"><span class='ocrx_word' id='word_1_165' title='bbox 414 2514 636 2570; x_wconf 85' lang='lat' dir='ltr'><strong>“nonne</strong></span> <span class='ocrx_word' id='word_1_166' title='bbox 680 2515 871 2572; x_wconf 85' lang='lat' dir='ltr'><strong>vides”</strong></span> <span class='ocrx_word' id='word_1_167' title='bbox 915 2514 1114 2588; x_wconf 87' lang='lat' dir='ltr'><strong>aliquis</strong></span> <span class='ocrx_word' id='word_1_168' title='bbox 1161 2515 1349 2571; x_wconf 85' lang='lat' dir='ltr'><strong>cubito</strong></span> <span class='ocrx_word' id='word_1_169' title='bbox 1394 2525 1628 2571; x_wconf 82' lang='lat' dir='ltr'><strong>stantem</strong></span> <span class='ocrx_word' id='word_1_170' title='bbox 1673 2533 1848 2588; x_wconf 79' lang='lat' dir='ltr'><strong>prope</strong></span> <span class='ocrx_word' id='word_1_171' title='bbox 1904 2525 2145 2586; x_wconf 80' lang='lat' dir='ltr'><strong>tangens</strong></span> 
     </span>
     <span class='ocr_line' id='line_1_27' title="bbox 414 2598 1997 2674; baseline -0.001 -20"><span class='ocrx_word' id='word_1_172' title='bbox 414 2599 645 2672; x_wconf 86' lang='lat' dir='ltr'><strong>inquiet,</strong></span> <span class='ocrx_word' id='word_1_173' title='bbox 695 2601 796 2656; x_wconf 81' lang='lat' dir='ltr'><strong>“ut</strong></span> <span class='ocrx_word' id='word_1_174' title='bbox 835 2601 1074 2674; x_wconf 75' lang='lat' dir='ltr'><strong>patiens,</strong></span> <span class='ocrx_word' id='word_1_175' title='bbox 1119 2612 1181 2654; x_wconf 90' lang='lat' dir='ltr'><strong>ut</strong></span> <span class='ocrx_word' id='word_1_176' title='bbox 1223 2602 1416 2657; x_wconf 84' lang='lat' dir='ltr'><strong>amicis</strong></span> <span class='ocrx_word' id='word_1_177' title='bbox 1460 2613 1643 2674; x_wconf 66' lang='lat' dir='ltr'><strong>apim-«³,</strong></span> <span class='ocrx_word' id='word_1_178' title='bbox 1691 2611 1753 2654; x_wconf 88' lang='lat' dir='ltr'><strong>ut</strong></span> <span class='ocrx_word' id='word_1_179' title='bbox 1795 2598 1997 2654; x_wconf 70' lang='lat' dir='ltr'><strong>acer-‘3⁹&#39;</strong></span> 
     </span>
     <span class='ocr_line' id='line_1_28' title="bbox 414 2686 1859 2756; baseline 0.002 -17"><span class='ocrx_word' id='word_1_180' title='bbox 414 2686 604 2756; x_wconf 78' lang='lat' dir='ltr'><strong>plures</strong></span> <span class='ocrx_word' id='word_1_181' title='bbox 651 2689 934 2743; x_wconf 86' lang='lat' dir='ltr'><strong>adnabunt</strong></span> <span class='ocrx_word' id='word_1_182' title='bbox 975 2687 1194 2752; x_wconf 85' lang='lat' dir='ltr'><strong>thunni,</strong></span> <span class='ocrx_word' id='word_1_183' title='bbox 1244 2697 1302 2741; x_wconf 83' lang='lat' dir='ltr'><strong>et</strong></span> <span class='ocrx_word' id='word_1_184' title='bbox 1344 2689 1550 2743; x_wconf 82' lang='lat' dir='ltr'><strong>cetaria</strong></span> <span class='ocrx_word' id='word_1_185' title='bbox 1593 2696 1859 2742; x_wconf 84' lang='lat' dir='ltr'><strong>crescent.</strong></span> 
     </span>
    </p>

    <p class='ocr_par' dir='ltr' id='par_1_11' title="bbox 289 2769 1903 3186">
     <span class='ocr_line' id='line_1_29' title="bbox 289 2769 1770 2842; baseline 0.002 -19"><span class='ocrx_word' id='word_1_186' title='bbox 289 2775 367 2824; x_wconf 76' lang='lat'><strong>45</strong></span> <span class='ocrx_word' id='word_1_187' title='bbox 420 2769 466 2824; x_wconf 88' lang='lat' dir='ltr'><strong>si</strong></span> <span class='ocrx_word' id='word_1_188' title='bbox 511 2771 598 2825; x_wconf 86' lang='lat' dir='ltr'><strong>cui</strong></span> <span class='ocrx_word' id='word_1_189' title='bbox 643 2783 932 2842; x_wconf 86' lang='lat' dir='ltr'><strong>praeterea</strong></span> <span class='ocrx_word' id='word_1_190' title='bbox 973 2772 1190 2825; x_wconf 71' lang='lat' dir='ltr'><strong>validus</strong></span> <span class='ocrx_word' id='word_1_191' title='bbox 1235 2775 1377 2828; x_wconf 89' lang='lat' dir='ltr'><strong>male</strong></span> <span class='ocrx_word' id='word_1_192' title='bbox 1420 2773 1563 2828; x_wconf 88' lang='lat' dir='ltr'><strong>filius</strong></span> <span class='ocrx_word' id='word_1_193' title='bbox 1608 2773 1665 2827; x_wconf 86' lang='lat' dir='ltr'><strong>in</strong></span> <span class='ocrx_word' id='word_1_194' title='bbox 1710 2791 1770 2826; x_wconf 83' lang='lat' dir='ltr'><strong>re</strong></span> 
     </span>
     <span class='ocr_line' id='line_1_30' title="bbox 415 2856 1742 2927; baseline 0.002 -19"><span class='ocrx_word' id='word_1_195' title='bbox 415 2856 699 2927; x_wconf 84' lang='lat' dir='ltr'><strong>praeclara</strong></span> <span class='ocrx_word' id='word_1_196' title='bbox 743 2859 990 2914; x_wconf 83' lang='lat' dir='ltr'><strong>sublatus</strong></span> <span class='ocrx_word' id='word_1_197' title='bbox 1035 2857 1231 2924; x_wconf 79' lang='lat' dir='ltr'><strong>aletur,</strong></span> <span class='ocrx_word' id='word_1_198' title='bbox 1278 2875 1348 2912; x_wconf 86' lang='lat' dir='ltr'><strong>ne</strong></span> <span class='ocrx_word' id='word_1_199' title='bbox 1392 2858 1742 2913; x_wconf 85' lang='lat' dir='ltr'><strong>manifestum</strong></span> 
     </span>
     <span class='ocr_line' id='line_1_31' title="bbox 417 2941 1903 3017; baseline 0 -23"><span class='ocrx_word' id='word_1_200' title='bbox 417 2941 644 2996; x_wconf 86' lang='lat' dir='ltr'><strong>caelibis</strong></span> <span class='ocrx_word' id='word_1_201' title='bbox 689 2945 1014 3017; x_wconf 88' lang='lat' dir='ltr'><strong>obsequium</strong></span> <span class='ocrx_word' id='word_1_202' title='bbox 1057 2945 1235 2997; x_wconf 89' lang='lat' dir='ltr'><strong>nudet</strong></span> <span class='ocrx_word' id='word_1_203' title='bbox 1277 2953 1357 3012; x_wconf 89' lang='lat' dir='ltr'><strong>te,</strong></span> <span class='ocrx_word' id='word_1_204' title='bbox 1404 2944 1605 2998; x_wconf 86' lang='lat' dir='ltr'><strong>leniter</strong></span> <span class='ocrx_word' id='word_1_205' title='bbox 1644 2945 1702 2998; x_wconf 92' lang='lat' dir='ltr'><strong>in</strong></span> <span class='ocrx_word' id='word_1_206' title='bbox 1748 2959 1903 3013; x_wconf 83' lang='lat' dir='ltr'><strong>spem</strong></span> 
     </span>
     <span class='ocr_line' id='line_1_32' title="bbox 421 3027 1777 3099; baseline 0.001 -19"><span class='ocrx_word' id='word_1_207' title='bbox 421 3027 629 3099; x_wconf 84' lang='lat' dir='ltr'><strong>adrepe</strong></span> <span class='ocrx_word' id='word_1_208' title='bbox 673 3030 968 3098; x_wconf 81' lang='lat' dir='ltr'><strong>officiosus,</strong></span> <span class='ocrx_word' id='word_1_209' title='bbox 1014 3036 1078 3082; x_wconf 88' lang='lat' dir='ltr'><strong>ut</strong></span> <span class='ocrx_word' id='word_1_210' title='bbox 1120 3037 1178 3082; x_wconf 89' lang='lat' dir='ltr'><strong>et</strong></span> <span class='ocrx_word' id='word_1_211' title='bbox 1221 3029 1458 3084; x_wconf 80' lang='lat' dir='ltr'><strong>scribare</strong></span> <span class='ocrx_word' id='word_1_212' title='bbox 1502 3031 1777 3084; x_wconf 86' lang='lat' dir='ltr'><strong>secundus</strong></span> 
     </span>
     <span class='ocr_line' id='line_1_33' title="bbox 416 3111 1839 3186; baseline 0.001 -22"><span class='ocrx_word' id='word_1_213' title='bbox 416 3111 579 3166; x_wconf 89' lang='lat' dir='ltr'><strong>heres</strong></span> <span class='ocrx_word' id='word_1_214' title='bbox 625 3121 701 3180; x_wconf 89' lang='lat' dir='ltr'><strong>et,</strong></span> <span class='ocrx_word' id='word_1_215' title='bbox 747 3115 921 3186; x_wconf 81' lang='lat' dir='ltr'><strong>siquis</strong></span> <span class='ocrx_word' id='word_1_216' title='bbox 965 3133 1125 3170; x_wconf 83' lang='lat' dir='ltr'><strong>casus</strong></span> <span class='ocrx_word' id='word_1_217' title='bbox 1169 3131 1399 3184; x_wconf 82' lang='lat' dir='ltr'><strong>puerum</strong></span> <span class='ocrx_word' id='word_1_218' title='bbox 1446 3115 1625 3186; x_wconf 82' lang='lat' dir='ltr'><strong>egerit</strong></span> <span class='ocrx_word' id='word_1_219' title='bbox 1667 3115 1839 3182; x_wconf 74' lang='lat' dir='ltr'><strong>Oret),</strong></span> 
     </span>
    </p>

    <p class='ocr_par' dir='ltr' id='par_1_12' title="bbox 291 3195 1955 3527">
     <span class='ocr_line' id='line_1_34' title="bbox 291 3195 1826 3269; baseline 0.005 -21"><span class='ocrx_word' id='word_1_220' title='bbox 291 3200 368 3249; x_wconf 83' lang='lat'><strong>50</strong></span> <span class='ocrx_word' id='word_1_221' title='bbox 415 3195 474 3249; x_wconf 90' lang='lat' dir='ltr'><strong>in</strong></span> <span class='ocrx_word' id='word_1_222' title='bbox 517 3215 746 3252; x_wconf 86' lang='lat' dir='ltr'><strong>vacuum</strong></span> <span class='ocrx_word' id='word_1_223' title='bbox 791 3201 1008 3256; x_wconf 89' lang='lat' dir='ltr'><strong>venias:</strong></span> <span class='ocrx_word' id='word_1_224' title='bbox 1053 3217 1281 3269; x_wconf 82' lang='lat' dir='ltr'><strong>perraro</strong></span> <span class='ocrx_word' id='word_1_225' title='bbox 1324 3200 1461 3254; x_wconf 89' lang='lat' dir='ltr'><strong>haec</strong></span> <span class='ocrx_word' id='word_1_226' title='bbox 1502 3200 1623 3254; x_wconf 84' lang='lat' dir='ltr'><strong>alea</strong></span> <span class='ocrx_word' id='word_1_227' title='bbox 1664 3199 1826 3256; x_wconf 80' lang='lat' dir='ltr'><strong>fallit.</strong></span> 
     </span>
     <span class='ocr_line' id='line_1_35' title="bbox 418 3280 1953 3357; baseline 0.003 -23"><span class='ocrx_word' id='word_1_228' title='bbox 418 3280 513 3351; x_wconf 87' lang='lat' dir='ltr'><strong>qui</strong></span> <span class='ocrx_word' id='word_1_229' title='bbox 559 3292 951 3340; x_wconf 85' lang='lat' dir='ltr'><strong>testamentum</strong></span> <span class='ocrx_word' id='word_1_230' title='bbox 997 3286 1184 3340; x_wconf 88' lang='lat' dir='ltr'><strong>tradet</strong></span> <span class='ocrx_word' id='word_1_231' title='bbox 1227 3283 1328 3338; x_wconf 90' lang='lat' dir='ltr'><strong>tibi</strong></span> <span class='ocrx_word' id='word_1_232' title='bbox 1374 3302 1592 3356; x_wconf 88' lang='lat' dir='ltr'><strong>cunque</strong></span> <span class='ocrx_word' id='word_1_233' title='bbox 1636 3285 1953 3357; x_wconf 82' lang='lat' dir='ltr'><strong>legendum,</strong></span> 
     </span>
     <span class='ocr_line' id='line_1_36' title="bbox 417 3367 1880 3436; baseline 0.003 -18"><span class='ocrx_word' id='word_1_234' title='bbox 417 3367 663 3421; x_wconf 85' lang='lat' dir='ltr'><strong>abnuere</strong></span> <span class='ocrx_word' id='word_1_235' title='bbox 709 3380 768 3422; x_wconf 89' lang='lat' dir='ltr'><strong>et</strong></span> <span class='ocrx_word' id='word_1_236' title='bbox 809 3372 1026 3426; x_wconf 80' lang='lat' dir='ltr'><strong>tabulas</strong></span> <span class='ocrx_word' id='word_1_237' title='bbox 1074 3387 1107 3421; x_wconf 89' lang='lat' dir='ltr'><strong>a</strong></span> <span class='ocrx_word' id='word_1_238' title='bbox 1150 3379 1207 3422; x_wconf 85' lang='lat' dir='ltr'><strong>te</strong></span> <span class='ocrx_word' id='word_1_239' title='bbox 1250 3387 1537 3424; x_wconf 83' lang='lat' dir='ltr'><strong>removere</strong></span> <span class='ocrx_word' id='word_1_240' title='bbox 1579 3380 1880 3436; x_wconf 88' lang='lat' dir='ltr'><strong>memento,</strong></span> 
     </span>
     <span class='ocr_line' id='line_1_37' title="bbox 415 3449 1955 3527; baseline 0.005 -23"><span class='ocrx_word' id='word_1_241' title='bbox 415 3449 496 3504; x_wconf 87' lang='lat' dir='ltr'><strong>sic</strong></span> <span class='ocrx_word' id='word_1_242' title='bbox 539 3462 722 3506; x_wconf 85' lang='lat' dir='ltr'><strong>tamen</strong></span> <span class='ocrx_word' id='word_1_243' title='bbox 769 3465 830 3509; x_wconf 88' lang='lat' dir='ltr'><strong>ut</strong></span> <span class='ocrx_word' id='word_1_244' title='bbox 875 3457 1019 3510; x_wconf 86' lang='lat' dir='ltr'><strong>limis</strong></span> <span class='ocrx_word' id='word_1_245' title='bbox 1064 3454 1264 3525; x_wconf 75' lang='lat' dir='ltr'><strong>rapiaS,</strong></span> <span class='ocrx_word' id='word_1_246' title='bbox 1308 3455 1443 3525; x_wconf 89' lang='lat' dir='ltr'><strong>quid</strong></span> <span class='ocrx_word' id='word_1_247' title='bbox 1485 3455 1665 3527; x_wconf 82' lang='lat' dir='ltr'><strong>prima</strong></span> <span class='ocrx_word' id='word_1_248' title='bbox 1708 3458 1955 3511; x_wconf 84' lang='lat' dir='ltr'><strong>secundo</strong></span> 
     </span>
    </p>
   </div>
  </div>
 </body>
</html>
