2459 3959
947 271 1095 327 LIB.
1139 274 1188 329 Ι.
1240 280 1397 329 5--7

207 434 284 484 15
335 428 556 500 nigrum
597 425 908 492 Merionen,
955 432 1050 481 aut
1093 444 1198 498 ope
1244 427 1487 482 Palladis

420 512 676 585 Tydiden
706 510 919 583 superis
961 528 1150 582 parem
1163 502 1220 589 P]

333 662 432 697 nos
481 639 750 707 convivia,
796 658 894 695 nos
939 641 1155 713 proelia
1198 641 1472 715 virginum

275 768 285 779 .
333 727 536 785 strictis
581 726 638 780 in
682 724 906 781 iuvenes
955 727 1230 797 unguibus
1277 729 1482 783 acrium

335 822 636 879 cantamus,
681 812 842 867 vacui
885 813 1004 867 sive
1049 812 1184 884 quid
1228 813 1456 881 urimur,

201 905 284 954 20
419 916 530 954 non
573 896 794 969 praeter
837 898 1059 952 solitum
1105 898 1270 953 leves.

1127 1170 1241 1225 VII

327 1329 660 1385 Laudabunt
704 1327 798 1381 alii
844 1327 1044 1382 claram
1089 1327 1328 1381 Rhodon
1373 1334 1468 1380 aut
1492 1326 1800 1398 Mytilenen

419 1423 515 1469 aut
556 1414 836 1485 Epheson,
883 1411 1179 1466 bimarisve
1228 1410 1479 1467 Corinthi

331 1498 566 1565 moenia,
612 1498 700 1553 vel
745 1498 959 1552 Baccho
1005 1498 1228 1551 Thebas
1275 1497 1363 1551 vel
1409 1495 1667 1569 Apolline
1712 1497 1961 1569 Delphos

419 1582 649 1657 insignis
694 1590 788 1637 aut
832 1582 1102 1637 Thessala
1141 1583 1382 1656 Tempe3

248 1721 282 1771 5
327 1722 456 1769 sunt
500 1710 700 1785 quibus
745 1728 914 1765 unum
959 1728 1100 1782 opus
1143 1718 1228 1765 est
1271 1709 1511 1766 intactae
1555 1711 1799 1767 Palladis
1844 1713 2031 1767 urbem

419 1797 658 1853 carmine
701 1803 972 1869 perpetuo
1016 1796 1300 1851 celebrare

329 1886 572 1956 indeque
615 1883 926 1954 decerptam
970 1881 1138 1936 fronti
1183 1870 1526 1953 praeponere
1574 1882 1800 1949 olivam;

424 1967 694 2041 plurimus
737 1966 795 2021 in
837 1966 1068 2021 Iunonis
1114 1967 1327 2021 honore

328 2106 520 2173 aptum
562 2096 712 2151 dicet
753 2096 910 2166 equis
955 2096 1138 2168 Argos
1183 2094 1426 2168 ditisque
1453 2096 1751 2169 Mycenas:

214 2188 289 2241 10
419 2201 507 2237 me
551 2199 652 2235 nec
695 2187 807 2235 tam
850 2180 1069 2252 patiens
1115 2179 1496 2236 Lacedaemon

337 2286 440 2326 nec
481 2276 596 2321 tam
638 2265 864 2321 Larisae
909 2265 1186 2339 percussit
1229 2284 1455 2337 campus
1507 2267 1738 2340 opimae,

423 2370 588 2426 quam
631 2353 822 2405 domus
868 2352 1158 2405 Albuneae
1202 2352 1517 2407 resonantis

329 2490 386 2539 et
427 2497 692 2555 praeceps
736 2479 886 2535 Anio
931 2496 996 2534 ac
1044 2478 1280 2533 Tiburni
1323 2481 1481 2535 lucus
1526 2490 1581 2534 et
1626 2482 1735 2534 uda

422 2565 719 2621 mobilibus
763 2564 1014 2636 pomaria
1055 2564 1207 2619 rivis.

211 2662 283 2711 15
335 2652 492 2708 albus
535 2660 598 2705 ut
641 2651 878 2705 obscuro
927 2651 1181 2721 deterget
1224 2648 1413 2705 nubila
1456 2650 1608 2706 caelo

419 2754 582 2809 saepe
628 2743 790 2790 notus
837 2753 1023 2807 neque
1062 2735 1303 2807 parturit
1346 2735 1536 2791 imbris

331 2872 620 2941 perpetuo,
667 2862 746 2919 sic
787 2871 852 2918 tu
895 2863 1114 2936 sapiens
1158 2863 1319 2919 finire
1363 2874 1639 2920 memento

417 2949 716 3017 tristitiam,
761 2948 1017 3022 vitaeque
1061 2949 1280 3004 labores

329 3036 500 3103 molli,
542 3035 768 3103 Plance,
800 3052 970 3109 mero,
1017 3052 1115 3089 seu
1159 3042 1215 3089 te
1258 3034 1529 3107 fulgentia
1564 3036 1736 3109 signis

207 3129 280 3180 20
415 3128 596 3177 castra
636 3128 828 3175 tenent
873 3138 971 3176 seu
1015 3121 1188 3176 densa
1232 3120 1445 3175 tenebit

330 3248 556 3306 Tiburis
601 3249 793 3303 umbra
836 3248 940 3303 tui.
1029 3250 1249 3305 Teucer
1294 3248 1573 3305 Salamina
1614 3257 1934 3322 patremque

417 3353 540 3391 cum
585 3334 824 3407 fugeret,
871 3342 1058 3389 tamen
1102 3335 1429 3405 udaLyaeo

331 3430 580 3491 tempora
623 3420 863 3493 populea
904 3420 1078 3474 fertur
1121 3421 1367 3477 vinxisse
1412 3437 1633 3490 corona,

418 3505 495 3561 sic
539 3504 712 3561 tristis
758 3506 974 3561 adfatus
1021 3506 1269 3561 amicost·
