2459 3959
363 299 488 364 1⁰6
1128 301 1550 358 CARMINVM

482 479 594 535 quo
636 459 780 532 fugit
821 459 1033 524 Venus,
1079 457 1208 524 heu,
1256 475 1438 530 quove
1482 457 1675 512 color?
1720 458 1927 512 decens

493 565 604 621 quo
649 545 869 600 motus?
915 544 1050 616 quid
1093 545 1267 598 habes
1310 543 1479 611 illius,
1524 543 1693 612 illius,

570 649 712 705 quae
756 631 1004 704 spirabat
1047 646 1282 695 amores,

363 723 438 775 20
658 733 800 787 quae
845 734 932 771 me
978 722 1274 787 surpuerat
1316 713 1471 782 mihi,

487 889 624 945 felix
666 895 796 961 post
840 885 1113 950 Cinaram,
1159 887 1443 959 ‘luotaque
1488 893 1546 941 et
1588 885 1788 940 artium

487 983 770 1050 gratarum
812 973 1020 1028 facies?
1065 973 1164 1026 sed
1209 972 1446 1027 Cinarae
1490 971 1677 1027 brevis

572 1077 744 1115 annos
787 1055 902 1113 fata
945 1059 1239 1124 dederunt,

659 1153 942 1200 servatura
984 1142 1080 1197 diu
1124 1159 1317 1216 parem

367 1325 439 1376 25
489 1317 723 1374 cornicis
768 1317 987 1373 vetulae
1031 1315 1373 1388 temporibus
1416 1315 1630 1386 Lycen,

487 1411 715 1478 possent
758 1410 820 1458 ut
863 1402 1090 1458 iuvenes
1136 1401 1317 1457 visere
1360 1401 1562 1456 fervidi

571 1489 744 1544 multo
792 1507 900 1544 non
949 1488 1068 1544 sine
1108 1487 1224 1542 risu

659 1574 929 1648 dilapsam
971 1574 1029 1629 in
1075 1573 1289 1628 cineres
1332 1573 1526 1628 facem.

1260 1853 1407 1908 XIV

489 2002 649 2069 Quae
694 2020 826 2058 cura
868 2007 1088 2075 patrum
1134 2018 1345 2073 quaeve
1390 1999 1691 2066 Quiritium

489 2088 673 2162 plenis
716 2089 985 2142 honorum
1029 2087 1351 2141 muneribus
1395 2094 1540 2154 tuas,

573 2175 849 2246 Auguste,
895 2172 1133 2228 virtutes
1177 2172 1237 2227 in
1282 2191 1477 2227 aevum

659 2277 758 2332 per
799 2258 992 2313 titulos
1038 2273 1416 2330 memoresque
1460 2258 1635 2312 fastus

408 2436 438 2487 5
487 2436 755 2498 aeternet‚
803 2447 837 2484 o
883 2448 992 2502 qua
1035 2429 1118 2484 sol
1161 2428 1484 2484 habitabilis

492 2515 754 2570 inlustrat
799 2533 944 2584 oras,
989 2515 1228 2570 maxime
1274 2514 1635 2586 principum?

575 2619 740 2674 quem
781 2600 922 2672 legis
970 2608 1230 2673 expertes
1273 2598 1507 2655 Latinae

657 2685 939 2741 Vindelici
983 2685 1224 2741 didicere
1269 2703 1463 2759 nuper,

434 2859 439 2864 '
488 2855 624 2930 quid
667 2855 850 2912 Marte
892 2875 1105 2930 posses.
1147 2856 1325 2912 milite
1368 2875 1497 2912 nam
1540 2863 1639 2911 tuo

368 2947 441 2998 10
487 2943 706 2997 Drusus
753 2941 1072 3009 Genaunes,
1115 2942 1455 3015 inplacidum
1498 2959 1697 3016 genus,

573 3027 939 3100 Breunosque
982 3028 1189 3084 velocis
1236 3037 1291 3084 et
1334 3028 1477 3084 arcis

658 3112 896 3186 Alpibus
940 3113 1206 3187 inpositas
1252 3113 1555 3170 tremendis

489 3283 696 3340 deiecit
737 3303 870 3340 acer·
904 3286 1028 3359 plus
1073 3286 1194 3341 vice
1239 3285 1492 3358 simplici.

489 3369 664 3424 maior
703 3371 990 3427 Neronum
1033 3389 1164 3426 mox
1207 3386 1375 3444 grave
1418 3370 1691 3443 proelium

368 3462 442 3513 15
578 3455 831 3510 conmisit
873 3456 1222 3528 inmanisque
1266 3457 1473 3510 Raetos

662 3541 920 3614 auspiciis
963 3541 1180 3616 pepulit
1223 3541 1495 3610 secundis,
