2459 3959
2043 284 2249 334 xxm

294 434 534 487 vetunt
576 420 798 489 Sti-nv,
845 444 1069 507 opusc.
1092 420 1178 489 11.
1209 419 1649 487 415.Kir0hn.
1694 440 1837 485 nov.
1884 432 2137 507 quaest.
2180 446 2261 509 p..

292 508 394 575 63.
440 508 537 573 Μ.
584 509 786 593 praef.
831 526 1008 573 xvm
1039 508 1064 590 ss
1095 509 1134 573 8
1178 508 1375 571 Lirin
1415 518 1565 571 ante
1610 505 1669 569 B
1696 506 1726 585 ΙΙ
1760 508 1837 571 13
1884 508 2034 571 dum
2080 510 2265 593 potis·

290 592 579 660 BPHM.
625 596 774 658 dum
806 611 980 678 potes
1023 616 1126 679 vg.
1171 630 1257 641 --
1302 591 1585 659 CARM.
1628 590 1833 658 XIX.
1874 592 1959 657 of.
1993 590 2251 659 Buttm.

289 677 506 763 Myth.
551 676 606 741 I.
651 679 836 759 31011
872 683 902 742 1
954 682 1139 743 distat
1181 691 1331 743 ante
1376 678 1435 744 B
1474 681 1505 761 ΙΙ
1544 682 1585 743 4
1630 701 1805 743 sacra
1858 676 2025 741 HM.
2071 701 2267 745 sacro·

288 764 460 829 libri.
507 765 584 827 of.
631 764 714 829 ad
757 764 808 827 Ι.
858 767 956 829 10.
1009 766 1088 829 14
1119 766 1146 847 ΙΙ
1181 769 1259 831 12
1303 766 1622 831 τηὶεοθηιον
1666 786 1813 829 oum
1855 762 2024 827 IRut
2074 764 2251 829 ersio

291 849 480 930 (leot.
501 849 748 915 Venus.
794 870 847 915 c.
886 854 1008 927 vn)
1052 848 1111 913 B
1157 860 1224 915 et
1241 848 1663 917 WABecker
1708 846 1969 927 (Gallus
2054 895 2069 911 .
2118 848 2241 917 191

289 934 396 999 ed.
443 936 580 1007 alt.)
625 936 650 1017 ΙΙ
695 940 793 1002 15.
842 937 922 999 16
967 936 1138 1021 expl.
1195 935 1295 1000 M.
1352 936 1435 1001 ad
1494 934 1791 1020 Aloiphr.
1836 957 1897 1021 p.
1947 936 2071 999 169
2098 934 2251 1016 {124

290 1022 496 1085 habili
537 1018 774 1086 Bland.
820 1033 945 1085 ant.
992 1034 1056 1085 at
1099 1022 1176 1085 cf.
1209 1020 1288 1085 B.
1316 1021 1461 1087 adn.
1492 1020 1518 1105 ΙΙ
1550 1023 1633 1087 27
1667 1019 1851 1086 Chloe
1878 1032 2026 1085 ante
2050 1018 2127 1083 B.
2158 1056 2246 1067 --

293 1103 582 1170 CARM.
626 1104 792 1171 XX.
838 1108 877 1170 8
935 1108 1137 1182 cedat,
1195 1109 1405 1171 maior
1454 1132 1536 1171 an
1586 1108 1699 1170 illa
1755 1104 1843 1169 H.
1902 1104 1984 1168 ad
2046 1102 2244 1170 Ovid.

289 1189 582 1257 Halieut.
626 1214 689 1277 p.
711 1210 861 1255 xxx
919 1207 982 1255 et
1025 1194 1124 1257 40.
1170 1191 1226 1255 Ρ
1273 1190 1387 1259 Or.
1418 1192 1640 1277 MPly.
1684 1194 1857 1257 cedat
1895 1192 2118 1264 maior,
2164 1214 2249 1255 an

289 1276 394 1341 illi
433 1298 538 1361 vg.
603 1312 688 1323 —-
748 1272 1032 1341 CARM.
1079 1276 1283 1341 XXI.
1342 1280 1423 1343 10
1480 1279 1737 1363 neyleyit
1796 1298 1913 1361 pro
1977 1276 2221 1361 neyhye

290 1360 521 1427 BHM.
553 1363 583 1447 ΙΙ
614 1366 692 1427 12
721 1362 1044 1427 incaluisse
1064 1362 1275 1427 BPM.
1294 1365 1377 1429 al.
1396 1364 1663 1428 Lachm.
1693 1361 1776 1427 ad
1798 1360 1879 1425 L.
1911 1384 1976 1445 p.
1997 1364 2255 1427 199.—--

292 1445 576 1515 GARM.
621 1446 895 1513 XXIII.
945 1450 1024 1513 12
1067 1472 1303 1515 secure-s
1360 1459 1509 1513 ante
1552 1448 1607 1511 B
1646 1450 1673 1529 ΙΙ
1724 1447 2017 1511 ultimam
2078 1459 2247 1512 stro-

293 1532 494 1616 pham
554 1534 878 1599 eiecerunt
927 1532 1060 1597 PM
1119 1533 1219 1608 (cf.
1268 1535 1472 1616 praef.
1517 1553 1690 1599 xvm
1733 1547 1797 1598 et
1838 1536 2071 1609 xxvm)
2106 1532 2129 1615 ΙΙ
2164 1536 2255 1598 19·

291 1619 559 1683 mollibit
599 1630 748 1684 ante
792 1618 866 1681 Β.
925 1654 1004 1669 --
1065 1617 1347 1689 CARM.
1392 1618 1662 1685 XXIV.
1708 1623 1751 1683 4
1796 1630 2099 1703 corrupte
2138 1640 2253 1704 vg..

289 1703 594 1767 soi-ibitur
619 1704 974 1789 thyrrenum
1003 1728 1177 1769 omne
1201 1709 1319 1769 tuis
1349 1718 1405 1771 et
1430 1728 1605 1771 mare
1634 1706 1970 1791 apulieum,
2018 1702 2266 1768 eadem:

296 1788 600 1854 scabri-tie
645 1810 774 1873 qua
815 1792 883 1853 in
932 1810 1124 1855 earm.
1165 1792 1225 1854 4.
1256 1795 1335 1855 10
1382 1792 1625 1877 apuliae
1666 1789 2131 1856 circumfertur.
2178 1798 2248 1852 at

295 1874 537 1937 Bland.
585 1888 716 1941 ant.
761 1876 1036 1939 servavit
1079 1899 1251 1940 mare
1286 1878 1635 1962 publicum,
1707 1876 1881 1960 quod
1931 1873 2247 1958 recipien-

295 1960 454 2023 dum
489 1982 628 2025 esse
658 1960 824 2023 vidit
851 1958 1122 2025 Lachm.
1166 1961 1249 2025 ad
1294 1964 1374 2028 L.
1398 1983 1461 2043 p.
1481 1963 1562 2025 37
1610 1976 1737 2026 ext.
1784 1959 2108 2025 lenissima
2154 1958 2246 2022 ni.-

295 2044 434 2109 mul
467 2062 528 2109 et
575 2046 936 2110 certissima
977 2046 1333 2113 mutatione
1378 2060 1679 2113 terrenum
1721 2068 1839 2129 pro
1880 2045 2270 2133 tyrrhenum.

291 2153 638 2216 reponens.
698 2132 780 2195 cf.
839 2150 930 2195 IV.
999 2136 1098 2197 11.
1160 2134 1265 2197 27.
1310 2132 1455 2197 Liv.
1500 2150 1695 2197 XXIII.
1745 2136 1845 2197 19.
1912 2132 2011 2198 14.
2068 2128 2247 2196 rece-

291 2230 534 2298 petunt
577 2215 666 2285 H.
714 2215 843 2298 Ply
871 2220 900 2298 ΙΙ
927 2230 1068 2301 post
1109 2220 1332 2300 yenitis
1394 2219 1689 2303 separavi
1730 2218 1869 2282 1547
1912 2238 2083 2281 mare
2123 2240 2244 2301 pu-

297 2304 520 2367 blicum
577 2312 722 2367 ante
765 2300 824 2364 Β
878 2304 906 2384 ΙΙ
951 2305 1033 2367 60
1101 2305 1364 2391 hospites
1405 2302 1683 2369 Blandd.
1728 2302 1885 2369 ΒΜ.
1953 2305 2247 2384 hospitem

297 2386 445 2451 PH.
510 2428 588 2437 --
649 2385 936 2453 CARM.
981 2388 1216 2454 XXV.
1264 2393 1305 2455 6
1350 2392 1595 2456 concilio
1640 2388 1717 2453 B.
1775 2402 1837 2453 et
1892 2390 1985 2452 sic
2044 2384 2243 2453 Goth.

303 2476 354 2538 2.
371 2474 404 2555 Η
430 2476 468 2535 9
489 2475 697 2539 edonis
739 2496 818 2539 ex
845 2474 1245 2539 ‘certissima’
1275 2474 1351 2540 B.
1372 2474 1815 2540 emendatione
1836 2472 1984 2537 HM
2009 2472 2247 2557 (praef.

300 2566 504 2632 xvm)
547 2556 690 2641 Ply.
738 2563 1044 2625 exsomnis
1089 2582 1235 2624 oum
1279 2560 1463 2625 libris
1491 2557 1693 2624 Orell.
1741 2572 1809 2622 et
1849 2559 2061 2623 denuo
2080 2556 2269 2623 Ritt„

303 2643 385 2707 de
462 2644 770 2727 ‘graviter
841 2642 1178 2709 aberrante
1239 2644 1549 2710 Bentleio’
1619 2644 1796 2729 loqui
1870 2665 2089 2707 ausus.
2158 2677 2243 2688 ——-

303 2726 585 2792 CARM.
631 2727 900 2793 XXVI.
951 2732 984 2796 1
1032 2732 1253 2797 duellis
1296 2730 1525 2815 scripsi
1569 2753 1685 2815 pro
1714 2730 1941 2815 puellis
1970 2750 2050 2793 ex
2079 2729 2247 2792 coni.

301 2811 628 2878 CFrankii
691 2814 871 2896 (fast.
935 2814 1102 2879 Hor.
1160 2838 1225 2901 p.
1272 2820 1358 2881 57
1414 2816 1587 2896 adn.)
1657 2812 1841 2899 prob.
1898 2812 1994 2878 M.
2039 2814 2245 2894 praef.

298 2918 497 2964 xvm.
544 2899 624 2963 of.
669 2918 763 2962 IV.
812 2901 845 2965 1
890 2900 974 2963 in.
1007 2904 1034 2984 11
1067 2904 1106 2966 7
1149 2914 1206 2967 et
1249 2904 1434 2969 vectis
1459 2902 1805 2985 securisque
1831 2920 2009 2984 susp.
2034 2898 2109 2963 Β.
2129 2898 2246 2979 (de

300 2987 489 3049 tertio
533 3006 727 3049 versu
772 2982 968 3048 huius
1015 2986 1317 3069 strophae
1360 2988 1771 3071 hypermetro
1816 2993 1895 3048 ef.
1939 3004 2011 3049 11.
2048 2988 2107 3050 3.
2138 2987 2243 3051 27.

297 3089 398 3135 111.
422 3071 522 3136 29.
539 3071 618 3134 35
652 3070 676 3147 ΙΙ
713 3071 790 3135 10
810 3070 1152 3156 Memphim
1195 3084 1343 3137 ante
1389 3071 1466 3137 B.
1512 3108 1595 3121 —·-
1640 3069 1921 3137 CARM.
1939 3069 2265 3136 XXVII..

303 3162 339 3220 εἰ
375 3176 520 3219 oum
556 3152 768 3219 BHM
797 3155 1214 3222 scribendum
1240 3172 1375 3221 erat
1404 3159 1637 3243 rumpit
1666 3158 1694 3236 ΙΙ
1724 3158 1761 3218 7
1788 3160 1887 3220 cui
1915 3178 1994 3220 ex
2009 3156 2242 3221 Bland.

302 3252 434 3304 ant.
503 3240 632 3315 (oui
691 3240 964 3305 accessit
1009 3241 1210 3306 Bern.
1274 3246 1426 3323 ant.)
1476 3242 1553 3306 B.
1601 3267 1710 3309 cur
1752 3240 1855 3305 vel
1899 3244 2053 3327 qnid
2094 3242 2242 3305 libri

301 3325 742 3411 vg..ll·frustra
786 3323 1080 3391 laborare
1124 3330 1241 3411 qui
1284 3327 1585 3413 strophae
1614 3348 1829 3391 sextae
1860 3327 2265 3392 coniecturis·

302 3411 687 3485 suoeurrere'
739 3412 1042 3475 studeant
1087 3413 1389 3479 viderunt
1430 3412 1563 3477 PM
1610 3412 1835 3497 (praef.
1863 3426 2068 3493 xvm)
2102 3413 2240 3495 {1237

195 3568 206 3587 Ι
301 3498 482 3573 unde,
529 3520 648 3581 quo
697 3500 829 3560 veni
871 3512 1018 3561 ante
1047 3496 1141 3562 Μ.
1189 3498 1289 3562 ed.
1321 3494 2271 3589 „1{1'481monstrrd-ex‘Blandd.
