2459 3959
880 807 1550 888 EPODON

1099 975 1337 1030 LIBER

1182 1188 1213 1242 Ι

366 1317 484 1372 Ibis
529 1317 790 1371 Liburnis
833 1317 981 1373 inter
1023 1317 1136 1371 alta
1179 1315 1418 1383 navium,

454 1401 643 1470 amice,
686 1402 1120 1475 propugnacula,

373 1495 598 1560 paratus
645 1506 804 1543 omne
851 1487 1100 1542 Caesaris
1143 1485 1452 1560 periculum

455 1572 659 1639 subire,
703 1573 1015 1641 Maecenas,
1060 1582 1175 1628 tu0.

287 1664 322 1714 5
374 1658 508 1730 quid
552 1657 694 1713 nos?
740 1659 939 1730 quibus
983 1665 1040 1713 te
1083 1659 1198 1714 vita
1242 1657 1289 1711 si
1334 1655 1633 1730 superstite

455 1743 708 1811 iucunda,
757 1743 804 1798 si
849 1750 1057 1810 contra,
1103 1742 1305 1816 gravis.

365 1837 624 1883 utrumne
667 1828 803 1884 iussi
844 1847 1241 1902 persequemur
1286 1827 1480 1896 otium,

452 1931 564 1968 non
609 1914 784 1983 dulce,
831 1915 891 1969 ni
935 1922 1118 1969 tecum
1163 1913 1345 1980 simul,

371 2013 445 2054 an
489 1999 637 2053 hunc
679 1999 925 2055 laborem
968 2007 1152 2054 mente
1196 1999 1381 2066 laturi,
1428 2000 1589 2053 decet

242 2087 324 2139 10
454 2102 564 2155 qua
607 2084 754 2140 ferre
798 2103 911 2140 non
954 2085 1134 2148 mollis
1179 2083 1371 2139 viros?

366 2171 608 2225 feremus
648 2178 707 2225 et
748 2177 805 2225 te
848 2171 937 2225 vel
980 2189 1081 2243 per
1123 2169 1353 2242 Alpium
1394 2168 1528 2242 iuga

453 2253 842 2328 inhospitalem
887 2263 942 2311 et
986 2256 1308 2323 Caucasum,

371 2340 463 2395 vel
508 2340 808 2395 occidentis
853 2359 1029 2415 usque
1075 2343 1146 2396 ad
1189 2340 1441 2395 ultimum
1486 2338 1664 2394 sinum

455 2424 587 2479 forti
631 2443 928 2498 sequemur
970 2436 1212 2500 pectore.

249 2515 323 2565 15
370 2527 553 2581 roges,
598 2518 755 2565 tuum
797 2512 988 2567 labore
1035 2512 1167 2584 quid
1211 2511 1393 2566 iuvem
1444 2527 1568 2565 meo

458 2594 683 2651 inbellis
730 2614 793 2651 ac
835 2597 1023 2652 firmus
1068 2597 1307 2670 parum?

373 2697 556 2735 comes
599 2680 811 2736 minore
856 2701 976 2737 sum
1019 2683 1236 2737 futurus
1282 2682 1340 2736 in
1385 2687 1553 2749 metu,

455 2765 549 2837 qui
584 2766 760 2821 maior
803 2767 1046 2822 absentis
1090 2767 1290 2834 habet3

380 2857 444 2904 ut
487 2850 746 2906 adsidens
789 2852 1125 2925 inplumibus
1168 2852 1334 2924 pullis
1379 2851 1495 2906 avis

262 2938 337 2990 20
468 2937 804 3008 serpentium
847 2939 1106 3011 adlapsus
1150 2942 1312 2995 timet

381 3020 554 3093 magis
598 3022 829 3091 relictis,
871 3042 983 3078 non
1027 3024 1109 3078 uti
1151 3025 1224 3079 sit
1264 3022 1439 3118 ‘auxili

465 3107 645 3162 latura
687 3109 812 3180 plus
856 3109 1261 3180 praesentibus·

379 3191 618 3247 libenter
659 3194 766 3247 hoc
809 3201 866 3249 et
910 3212 1070 3248 omne
1111 3193 1442 3250 militabitur

461 3277 670 3332 bellum
713 3278 771 3332 in
815 3287 942 3334 tuae
989 3297 1141 3352 spem
1185 3279 1416 3354 gratiae,

265 3367 333 3417 25
377 3380 489 3418 non
526 3371 589 3417 ut
650 3363 894 3419 iuvencis
936 3364 1171 3437 inligata
1213 3364 1462 3440 pluribus

477 3456 658 3504 aratra
699 3449 950 3505 nitantur
992 3469 1129 3518 mea,
