2459 3959
247 287 372 352 142
991 293 1447 350 SATIRARVM

371 466 485 504 non
528 419 708 504 minus
753 446 959 504 insanit
1001 463 1168 519 quam
1209 447 1307 519 qui
1350 449 1689 505 moechatur.
1734 458 1792 504 at
1835 451 1929 506 hic
1972 452 2042 521 si,

247 537 324 592 50
370 552 482 607 qua
523 552 632 602 res,
679 551 788 606 qua
827 533 970 588 ratio
1013 534 1291 600 suaderet,
1336 552 1558 606 quaque
1602 537 1848 593 modeste

369 619 627 675 munifico
671 636 793 674 esse
834 619 981 682 licet,
1026 618 1198 672 vellet
1239 620 1417 674 bonus
1460 628 1629 692 atque
1673 620 1943 693 benignus

371 714 516 773 esse,
561 706 718 759 daret
763 711 1030 775 quantum
1073 703 1208 758 satis
1254 712 1419 771 esset,
1465 721 1569 760 nec
1610 705 1716 761 sibi
1760 708 1959 761 damno

371 789 737 861 dedecorique
777 791 943 844 foret.
985 806 1174 844 verum
1217 789 1325 842 hoc
1367 807 1427 844 se
1470 791 1822 862 amplectitur
1862 810 1994 857 uun,

369 879 474 931 hoc
517 883 665 930 amat
709 883 766 928 et
807 875 1034 930 laudat:
1081 872 1407 931 ‘matronam
1450 876 1656 930 nullam
1702 895 1807 948 ego
1849 879 2061 949 tango-⁹

246 970 320 1019 55
368 970 430 1018 ut
475 961 752 1032 quondam
795 961 1104 1027 Marsaeus,
1151 968 1365 1014 amator
1410 959 1657 1032 Originis
1698 962 1810 1028 ille,

369 1046 466 1120 qui
506 1045 748 1117 patrium
790 1045 988 1100 mimae
1032 1046 1202 1100 donat
1245 1044 1587 1118 fundumque
1627 1047 1927 1120 laremque,

368 1132 468 1188 ‘nil
505 1131 672 1186 fuerit
715 1121 806 1184 mi'
850 1130 1034 1202 inquit
1076 1127 1217 1184 ‘cum
1260 1130 1525 1186 uxoribus
1570 1149 1811 1204 unquam
1854 1131 2091 1188 alienis)

366 1235 556 1273 verum
601 1225 688 1272 est
731 1235 853 1272 cum
897 1215 1096 1281 mimis,
1143 1222 1228 1270 est
1272 1233 1395 1270 cum
1438 1217 1851 1286 meretricibus3
1896 1219 2046 1272 unde

365 1305 510 1358 fama
552 1303 755 1356 malum
797 1302 1020 1374 gravius
1065 1319 1229 1372 quam
1272 1317 1363 1355 res
1407 1302 1597 1360 trabit.
1643 1319 1711 1356 an
1758 1303 1862 1358 tibi
1904 1304 2135 1359 abunde

244 1398 319 1446 60
365 1405 658 1462 personam
706 1386 837 1442 satis
881 1396 982 1454 est,
1027 1405 1140 1441 non
1185 1385 1343 1454 illud,
1389 1386 1659 1459 quidquid
1702 1387 1909 1460 ubique

365 1475 572 1538 obficit‚
617 1473 826 1528 evitare
844 1472 870 1525 ¹?
917 1474 1117 1528 bonam
1161 1473 1467 1542 deperdere
1507 1473 1727 1540 famam,

363 1578 482 1615 rem
524 1558 696 1630 patris
739 1557 1024 1622 oblimare,
1071 1556 1275 1610 malum
1320 1565 1407 1610 est
1450 1557 1785 1628 ubicunque.
1846 1558 1983 1631 quid
2026 1558 2187 1616 inter

366 1653 452 1700 est
493 1644 550 1698 in
595 1652 861 1710 matrona,
907 1643 1108 1698 ancilla
1148 1659 1416 1712 peccesne
1459 1643 1693 1715 togata?

364 1730 571 1785 Villius
613 1729 672 1782 in
716 1729 922 1784 Fausta
967 1728 1152 1782 Sullae
1194 1745 1423 1799 genero,
1468 1729 1576 1782 hoc
1618 1727 1787 1784 miser
1827 1747 1939 1784 uno

242 1822 316 1872 65
366 1814 586 1870 nomine
629 1816 912 1885 deceptus,
957 1830 1164 1884 poenas
1209 1812 1367 1867 dedit
1407 1832 1583 1886 usque
1628 1832 1902 1886 superque

363 1919 527 1973 quam
572 1899 706 1954 satis
752 1907 853 1966 est,
896 1898 1100 1971 pugnis
1145 1914 1338 1952 caesus
1379 1899 1640 1970 ferroque
1685 1898 1913 1970 petitus,

363 1986 618 2042 exclusus
660 1986 798 2052 fore,
845 2001 969 2038 cum
1011 1983 1375 2056 Longarenus
1417 1985 1563 2040 foret
1602 1984 1776 2042 intus.

361 2071 490 2126 huic
531 2070 580 2126 si
622 2069 862 2125 mutonis
906 2069 1092 2124 verbis
1135 2069 1281 2124 mala
1323 2077 1479 2124 tanta
1520 2069 1759 2124 videntis

363 2157 574 2212 diceret
615 2157 753 2210 haec
798 2154 1011 2210 animus
1057 2152 1209 2226 ‘quid
1254 2153 1339 2210 vis
1383 2155 1528 2210 tibi?
1582 2155 1851 2227 numquid
1894 2174 1999 2228 ego
2045 2176 2081 2212 a
2124 2166 2187 2214 te

242 2248 314 2297 70
362 2259 562 2313 magno
605 2247 939 2313 prognatum
984 2241 1224 2312 deposco
1270 2241 1497 2296 consule
1538 2257 1777 2294 cunnum

352 2328 704 2398 velatumque
747 2325 910 2392 stola,
955 2344 1078 2381 mea
1120 2343 1245 2380 cum
1288 2324 1599 2381 conferbuit
1640 2318 1777 2380 ira?’

352 2413 485 2484 quid
527 2411 930 2483 responderet?
975 2409 1192 2482 ‘magno
1235 2417 1391 2483 patre
1435 2418 1567 2466 nata
1606 2411 1793 2483 puella
1836 2413 1964 2468 est.’

350 2507 410 2552 at
452 2504 659 2569 quanto
703 2497 933 2554 meliora
973 2505 1163 2552 monet
1203 2496 1618 2569 pugnantiaque
1658 2495 1783 2552 istis

348 2583 502 2638 dives
549 2582 670 2653 opis
711 2592 912 2638 natura
953 2600 1102 2649 suae,
1147 2589 1208 2636 tu
1252 2582 1301 2636 si
1344 2583 1507 2637 modo
1550 2589 1703 2637 recte

228 2675 300 2724 ⁷5
349 2669 671 2741 dispensare
714 2668 850 2723 velis
893 2685 957 2722 ac
998 2686 1107 2723 non
1152 2667 1417 2739 fugienda
1457 2666 1713 2738 petendis

347 2753 658 2810 inmiscere.
702 2763 801 2808 tuo
846 2752 983 2808 vitio
1025 2771 1286 2808 rerumne
1328 2753 1569 2820 labores,

347 2840 425 2894 nil
467 2839 674 2894 referre
718 2846 880 2911 putas
903 2839 930 2891 Ρ
976 2857 1164 2911 quare,
1210 2856 1283 2894 ne
1326 2839 1611 2910 paeniteat
1650 2845 1726 2905 te,

348 2924 540 2980 desine
585 2931 861 2981 matronas
907 2924 1188 2994 sectarier,
1231 2926 1379 2978 unde
1420 2923 1627 2979 laboris

345 3011 468 3082 plus
511 3010 734 3064 haurire
777 3011 906 3065 mali
951 3019 1034 3064 est
1077 3029 1243 3083 quam
1288 3027 1359 3064 ex
1400 3027 1463 3064 re
1508 3011 1805 3081 decerpere
1847 3007 2077 3064 fructus.

223 3101 298 3152 80
347 3114 452 3152 nec
494 3095 670 3168 magis
713 3095 857 3162 huic,
899 3096 1048 3150 inter
1090 3095 1283 3152 niveos
1327 3094 1631 3167 viridisque
1674 3092 1892 3164 lapillos

345 3181 419 3236 sit
460 3180 609 3247 licet,
652 3182 776 3248 hoc,
823 3181 1106 3250 Cerinffie,
1153 3189 1250 3235 tuo
1292 3188 1542 3236 tenerum
1586 3187 1673 3234 est
1698 3180 1878 3234 femur
1905 3180 2005 3234 aut
2038 3197 2165 3236 crus

347 3267 591 3333 rectius3
637 3275 806 3336 atque
850 3265 1016 3322 etiam
1058 3265 1256 3320 melius
1300 3283 1567 3337 persaepe
1600 3272 1821 3334 togatae
1864 3272 1965 3319 est.

347 3353 487 3406 adde
529 3351 638 3405 huc
679 3353 830 3422 quod
871 3369 1106 3407 mercem
1151 3350 1271 3405 sine
1313 3349 1452 3405 fucis
1496 3357 1713 3422 gestat3
1760 3357 1953 3421 aperte

345 3437 496 3506 quod
539 3436 736 3489 venale
779 3437 948 3491 habet
991 3435 1259 3503 ostendit3
1304 3453 1407 3490 nec
1450 3433 1633 3506 siquid
1676 3433 1897 3489 honesti
1942 3443 2029 3490 est

221 3524 296 3574 85
343 3519 514 3576 iactat
553 3519 831 3591 habetque
874 3521 1070 3592 palam,
1118 3519 1335 3592 quaerit
1377 3538 1487 3592 quo
1530 3519 1715 3592 turpia
1756 3521 1915 3576 celet.
