2459 3959
903 325 1133 383 LIBER
1178 326 1253 381 11.
1311 331 1468 383 1--2
1833 275 1866 308 '²
2037 316 2172 383 83·

343 480 538 533 laudat
584 479 797 533 venalis
842 477 940 550 qui
986 478 1104 533 volt
1148 480 1450 533 extrudere
1495 477 1711 533 mercis.

341 582 436 619 res
482 572 687 634 urguet
728 581 819 619 me
864 563 1043 617 nulla:
1088 579 1211 618 meo
1258 582 1379 619 sum
1424 581 1636 635 pauper
1678 562 1737 617 in
1781 580 1932 619 aere.

345 667 511 704 nemo
555 650 662 703 hoc
704 666 1043 720 mangonum
1084 648 1298 703 faceret
1340 648 1476 704 tibi:
1521 666 1634 703 non
1677 656 1890 703 temere
1933 667 1964 701 a
2009 668 2099 707 me

345 734 529 805 quivis
573 734 745 787 ferret
788 734 952 789 idem.
998 733 1173 787 semel
1213 733 1307 788 hic
1349 733 1587 789 cessavit
1629 741 1704 799 et,
1750 742 1814 787 ut
1855 734 1938 801 fit,

212 824 297 877 15
345 820 409 875 in
452 818 612 875 scalis
654 818 819 873 latuit
861 826 1113 873 metuens
1156 819 1452 890 pendentis
1498 820 1774 873 habenae:

352 906 451 959 des
495 922 767 968 nummos,
812 911 1045 975 excepta
1090 902 1227 957 nihil
1272 913 1330 959 te
1374 903 1418 957 si
1463 907 1594 975 tuga
1638 903 1812 959 laedit
1827 904 1858 955 :’

347 990 447 1046 ille
490 990 635 1045 ferat
676 988 917 1061 pretium
962 1006 1177 1060 poenae
1220 1007 1467 1056 securus,
1515 989 1731 1061 opinor.

347 1076 591 1147 prudens
635 1074 820 1129 emisti
864 1074 1160 1141 vitiosum3
1206 1075 1356 1129 dicta
1397 1074 1501 1129 tibi
1547 1082 1634 1129 est
1677 1076 1804 1129 lex:

346 1159 656 1232 insequeris
702 1168 891 1215 tamen
936 1162 1083 1214 hunc
1124 1168 1182 1213 et
1224 1160 1328 1215 lite
1371 1159 1602 1213 moraris
1649 1160 1854 1231 iniqua.

209 1252 298 1301 20
348 1245 467 1303 dixi
508 1262 599 1311 me
640 1244 860 1317 pigrum
901 1244 1280 1317 proficiscenti
1319 1244 1446 1313 tibi,
1495 1244 1612 1299 dixi

345 1330 553 1387 talibus
598 1330 797 1385 officiis
839 1347 1017 1401 prope
1058 1348 1338 1399 maneum,
1381 1348 1452 1385 ne
1497 1348 1620 1384 mea
1661 1347 1860 1385 saevus

344 1416 599 1488 iurgares
644 1416 714 1471 ad
756 1423 815 1469 te
858 1417 1009 1487 quod
1052 1415 1294 1487 epistula
1338 1416 1492 1470 nulla
1533 1416 1764 1471 rediret.

352 1500 490 1573 quid
532 1508 653 1556 tum
694 1500 927 1572 profeci,
972 1518 1189 1555 mecum
1230 1500 1496 1555 facientia
1535 1499 1660 1555 iura

350 1587 399 1641 si
441 1594 629 1646 tamen
672 1586 1007 1656 attemptas?
1053 1585 1304 1657 quereris
1350 1604 1517 1657 super
1559 1588 1667 1640 hoc
1711 1586 1894 1653 etiam,
1941 1588 2093 1658 quod

216 1678 299 1727 25
350 1679 646 1743 expectata
689 1670 793 1725 tibi
838 1689 951 1724 non
994 1671 1210 1727 mittam
1255 1670 1498 1726 carmina
1540 1672 1802 1729 mendax.

345 1756 573 1814 Luculli
616 1757 775 1811 miles
821 1757 1075 1813 conlecta
1116 1756 1322 1811 viatica
1364 1756 1555 1815 multis

346 1842 643 1910 aerumnis,
688 1842 868 1899 lassus
912 1842 1043 1896 dum
1087 1852 1258 1918 noctu
1301 1842 1508 1909 stertit,
1568 1843 1640 1897 ad
1683 1860 1864 1899 assem
1905 1878 1910 1883 -

346 1928 696 2000 perdiderat:
742 1936 873 1999 post
914 1928 1023 1983 hoc
1056 1930 1356 1985 vehemens
1399 1928 1584 2000 lupus,
1631 1936 1689 1984 et
1730 1929 1840 1984 sibi
1885 1936 1944 1983 et
1984 1927 2133 1985 hosti

347 2014 523 2068 iratus
564 2012 798 2085 pariter,
843 2012 1045 2072 ieiunis
1090 2013 1355 2069 dentibus
1396 2031 1544 2079 acer,

213 2105 298 2153 30
348 2097 693 2170 praesidium
726 2098 929 2169 ,regale
972 2099 1095 2153 loeo
1142 2099 1366 2165 deiecit,
1411 2107 1476 2154 ut
1519 2100 1694 2166 aiunt,

353 2201 567 2238 summe
610 2182 823 2238 munito
869 2193 925 2237 et
966 2184 1267 2239 multarum
1311 2184 1484 2239 divite
1527 2204 1736 2243 rerum.

354 2268 535 2323 clarus
581 2269 655 2322 ob
696 2268 757 2323 id
800 2268 1005 2323 factum
1047 2268 1207 2323 donis
1251 2277 1479 2323 ornatur
1521 2270 1740 2344 opimis,

361 2354 571 2425 accipit
613 2362 671 2409 et
714 2354 801 2407 bis
846 2355 991 2409 dena
1032 2372 1199 2426 super
1243 2354 1499 2409 sestertia
1543 2373 1845 2413 nummum.

361 2439 509 2493 forte
552 2440 655 2493 sub
699 2440 807 2493 hoc
848 2447 1064 2511 tempus
1110 2441 1398 2494 castellum
1441 2450 1690 2497 evertere
1735 2449 1959 2511 praetor

226 2528 311 2576 35
364 2524 552 2579 nescio
598 2526 749 2597 quod
794 2523 1021 2597 cupiens
1062 2525 1274 2579 hortari
1317 2526 1503 2596 coepit
1544 2528 1782 2582 eundem
1838 2520 1844 2539 ’

360 2609 549 2665 verbis
596 2627 739 2681 quae
781 2610 979 2673 timido
1023 2628 1248 2681 quoque
1292 2618 1521 2682 possent
1565 2613 1770 2667 addere
1813 2619 2090 2671 mentem:

364 2692 421 2761 ‘i‚
466 2696 631 2761 bone,
676 2714 787 2767 quo
830 2695 1007 2751 virtus
1049 2703 1148 2751 tua
1190 2704 1248 2751 te
1293 2702 1473 2761 vocat,
1501 2698 1535 2755 ‚i
1578 2698 1721 2769 pede
1764 2698 1968 2763 sanem,

360 2781 595 2853 grandia
638 2780 849 2835 laturus
894 2780 1215 2835 meritorum
1263 2782 1538 2852 praemia..
1584 2781 1722 2853 quid
1766 2792 1877 2837 stas
1897 2783 1942 2833 ‘?'

362 2873 493 2938 post
534 2866 674 2919 haec
718 2866 812 2920 ille
857 2874 1032 2931 catus,
1078 2866 1452 2937 quamtumvis
1496 2869 1760 2933 rusticae,
1806 2868 1945 2930 ‘ibin

232 2956 316 3005 40
364 2950 477 3007 ibit.
514 2968 581 3007 eo
605 2967 716 3023 quo
761 2951 845 3004 vis
890 2968 1087 3005 zonam
1132 2951 1229 3023 qui
1251 2950 1513 3023 perdidit?
1559 2951 1760 3023 inquit.

359 3037 572 3105 Romae
596 3036 817 3102 ,nutriri
860 3035 997 3091 mihi
1041 3036 1278 3109 contigit
1321 3045 1490 3109 atque
1534 3037 1724 3091 doceri

361 3121 543 3176 iratus
584 3121 747 3177 Grais
793 3128 1061 3193 quantum
1106 3122 1389 3177 nocuisset
1431 3121 1700 3178 Achilles·

360 3206 619 3265 adiecere
661 3208 841 3266 bonae
884 3207 1071 3278 paullo
1112 3207 1242 3279 plus
1287 3207 1422 3263 artis
1465 3208 1741 3274 Athenae,

359 3290 573 3356 scilicet
614 3300 679 3347 ut
720 3309 941 3365 possem
985 3309 1154 3349 curvo
1200 3292 1529 3367 dignoscere
1572 3304 1788 3351 rectum

223 3383 310 3433 45
358 3385 527 3449 atque
569 3376 719 3433 inter
761 3377 931 3433 silvas
974 3376 1246 3435 Academi
1289 3395 1560 3449 quaerere
1601 3398 1809 3435 verum.

360 3463 501 3517 dura
542 3464 645 3519 sed
688 3480 947 3519 emovere
990 3462 1115 3519 loco
1160 3481 1250 3517 me
1293 3471 1548 3534 tempora
1591 3474 1769 3537 grato,

366 3546 659 3619 civilisque
703 3549 898 3603 rudem
946 3548 1080 3605 belli
1124 3547 1254 3601 tulit
1305 3558 1490 3603 aestus
1535 3548 1590 3603 in
1635 3568 1788 3603 arma
