2459 3959
354 275 484 340 1⁴²8
1095 273 1239 328 SAT
1250 272 1430 326 [ΒΑΕ.
1437 271 1549 325 VM

368 442 484 493 165
532 433 622 489 hic
665 449 890 506 porcum
937 429 1175 484 laribus:
1221 445 1415 480 verum
1461 423 1787 480 ambitiosus
1833 432 1891 480 et
1935 427 2138 478 audax.

529 518 754 590 naviget
800 516 1142 586 Anticyram.
1189 512 1324 585 quid
1369 511 1515 566 enim
1559 511 1766 577 differt,
1814 512 2151 565 barathrone

531 606 704 658 dones
751 603 1022 676 quidquid
1065 601 1236 653 habes
1281 615 1353 650 an
1396 613 1677 668 nunquam
1724 604 1881 651 utare
1926 593 2173 667 paratis?

538 688 757 745 Servius
804 686 1079 759 Oppidius
1125 683 1329 740 Canusi
1374 683 1485 735 duo
1528 681 1773 754 praedia,
1820 679 1975 734 dives

534 773 763 845 antiquo
809 791 994 838 censu,
1043 769 1224 843 gnatis
1272 768 1475 822 divisse
1520 767 1737 822 duobus

372 866 488 917 170
537 863 715 916 fertur
760 868 817 912 et
859 859 965 911 hoc
1009 857 1249 910 moriens
1295 852 1477 925 pueris
1523 852 1731 908 dixisse
1776 851 1987 907 vocatis

536 947 606 999 ad
648 944 884 998 lectum:
931 941 1242 1014 ‘postquam
1285 947 1343 994 te
1388 940 1549 1006 talos,
1594 939 1765 1004 Aule,
1812 953 2095 1009 nucesque

535 1030 680 1085 ferre
725 1029 848 1084 sinu
892 1028 1036 1092 lax0,
1085 1029 1291 1082 donare
1338 1032 1395 1080 et
1437 1024 1629 1078 ludere
1673 1022 1811 1090 vidi,

542 1125 617 1175 te,
666 1114 878 1180 Tiberi,
923 1131 1232 1177 numerare,
1282 1109 1427 1164 cavis
1472 1110 1817 1164 abscondere
1861 1108 2097 1174 tristem,

541 1199 792 1264 extimui,
839 1218 906 1252 ne
951 1217 1046 1251 vos
1093 1205 1284 1266 ageret
1324 1194 1549 1249 vesania
1595 1194 1827 1256 discere,

381 1293 495 1343 1⁷5
544 1295 607 1341 tu
652 1285 1080 1344 Nomentanum,
1127 1291 1188 1334 tu
1234 1300 1304 1334 ne
1350 1298 1644 1351 sequerere
1690 1279 1960 1334 Cicutam.

545 1389 714 1444 quare
759 1389 858 1442 per
902 1369 1058 1422 divos
1105 1375 1289 1421 oratus
1335 1374 1567 1437 uterque
1612 1365 1847 1436 penatis,

543 1467 605 1511 tu
650 1474 781 1511 cave
825 1473 896 1508 ne
942 1453 1172 1518 minuas,
1220 1461 1281 1505 tu
1326 1460 1419 1504 ne⁴
1442 1450 1615 1504 maius
1660 1450 1829 1505 facias
1874 1451 1935 1505 id

548 1543 698 1615 quod
743 1541 873 1594 satis
921 1558 1038 1593 esse
1083 1546 1241 1610 putat
1284 1546 1444 1609 pater
1488 1545 1545 1590 et
1589 1544 1785 1589 natura
1831 1544 2070 1591 coercet.

549 1634 842 1700 praeterea
885 1644 955 1678 ne
1001 1643 1099 1678 vos
1142 1623 1339 1677 titillet
1383 1621 1581 1692 gloria,
1628 1620 1748 1675 iure

390 1716 507 1768 180
555 1712 788 1766 iurando
833 1709 1173 1780 obstringam
1218 1710 1411 1761 ambo:
1460 1715 1583 1760 uter
1628 1706 1823 1762 aedilis
1867 1706 2104 1762 fueritve

552 1805 797 1852 vestrum
840 1805 1079 1866 praetor,
1125 1794 1170 1846 is
1216 1792 1550 1848 intestabilis
1595 1801 1652 1845 et
1696 1811 1848 1847 sacer
1892 1801 2033 1849 esto·

553 1882 610 1936 in
658 1881 835 1935 cicere
880 1889 1045 1951 atque
1089 1880 1217 1933 faba
1262 1882 1407 1933 bona
1448 1885 1510 1930 tu
1555 1878 1867 1950 perdasque
1910 1875 2135 1950 lupiniS,

554 1969 699 2022 latus
745 1974 808 2019 ut
853 1966 910 2018 in
957 1965 1101 2018 circo
1139 1965 1380 2036 spatiere
1428 1971 1487 2018 et
1531 1980 1735 2016 aeneus
1781 1973 1843 2016 ut
1888 1972 2019 2023 stes,

559 2055 738 2107 nudus
785 2051 954 2123 agris,
1001 2051 1182 2103 nudus
1227 2047 1485 2114 nummis,
1530 2047 1743 2113 insane,
1790 2048 2077 2122 paternis?

396 2141 509 2194 185
560 2137 773 2192 scilicet
817 2145 878 2190 ut
920 2136 1167 2207 plausus,
1217 2153 1355 2207 quos
1399 2135 1507 2187 fert
1549 2134 1821 2206 Agrippa,
1868 2135 2012 2189 feras
2055 2143 2140 2199 tu,

562 2232 746 2278 astuta
790 2222 1088 2292 ingenuum
1133 2221 1326 2292 volpes
1373 2219 1586 2273 imitata
1629 2213 1884 2274 leonem.’
1932 2245 2017 2256 —-·

559 2307 755 2380 nequis
799 2308 1052 2360 humasse
1096 2306 1232 2358 velit
1276 2304 1519 2370 Aiacem,
1566 2304 1785 2371 Atrida,
1830 2313 1983 2358 vetas
2028 2304 2161 2358 cur‘?

571 2393 693 2447 ‘rex
737 2385 895 2445 sum.’
941 2392 1018 2444 nil
1064 2391 1210 2444 ultra
1256 2409 1459 2462 quaero
1503 2389 1775 2460 plebeius.
1824 2390 1905 2444 ‘et
1947 2408 2178 2459 aequam

565 2497 680 2533 rem
728 2477 1000 2549 imperito,
1048 2494 1110 2530 ac
1155 2477 1198 2528 si
1247 2475 1334 2529 cui
1380 2475 1572 2529 videor
1614 2494 1725 2530 non
1768 2476 1973 2542 iustus,
2017 2476 2195 2529 inulto

404 2570 518 2622 190
569 2564 752 2617 dicere
799 2565 944 2634 quod
993 2561 1161 2615 sentit
1204 2561 1508 2632 permitt0.’
1593 2562 1831 2615 maxime
1875 2580 2090 2634 regum,

570 2649 628 2702 di
669 2648 770 2701 tibi
819 2651 954 2701 dent
997 2659 1157 2718 capta
1202 2647 1433 2699 classem
1479 2646 1753 2700 deducere
1799 2646 1988 2700 Troia.

569 2753 702 2805 ergo
748 2734 1035 2786 consulere
1081 2741 1138 2784 et
1180 2749 1309 2784 mox
1355 2733 1693 2802 respondere
1738 2731 1971 2786 licebit?

575 2818 853 2873 ‘consule.'
897 2836 995 2871 cur
1038 2817 1181 2870 Aiax
1225 2818 1388 2870 heros
1434 2818 1502 2870 ab
1548 2817 1767 2872 Achille
1814 2818 2090 2871 secundus

573 2904 834 2977 putescit,
883 2903 1087 2958 totiens
1133 2903 1365 2956 servatis
1406 2901 1588 2956 clarus
1635 2901 1908 2956 Achivis?

413 2996 526 3046 195
576 2990 814 3060 gaudeat
859 2997 920 3041 ut
964 2988 1202 3058 populus
1250 2987 1454 3041 Priami
1500 2986 1865 3060 Priamusque
1912 2989 2214 3053 inhumatO,

574 3093 674 3146 per
719 3092 881 3146 quem
927 3083 1011 3126 tot
1057 3075 1281 3127 iuvenes
1326 3073 1505 3144 patrio
1552 3089 1777 3128 caruere
1824 3074 2119 3146 sepulcro?

580 3159 747 3212 ‘mille
794 3158 975 3211 ovium
1021 3158 1247 3212 insanus
1294 3159 1456 3212 morti
1502 3159 1675 3222 dedit,
1719 3159 1984 3214 inclutum
2031 3160 2237 3231 Vlixen

580 3252 636 3296 et
679 3244 994 3297 Menelaum
1043 3263 1150 3296 una
1196 3261 1411 3297 meeum
1457 3262 1515 3296 se
1560 3245 1813 3298 occidere
1859 3245 2146 3300 clamans.’

581 3335 642 3381 tu
688 3346 810 3380 cum
855 3347 954 3397 pro
999 3329 1174 3381 vitula
1219 3329 1416 3382 statuis
1465 3329 1679 3383 dulcem
1726 3330 1928 3384 Aulide
1974 3339 2161 3386 natam

418 3415 536 3467 200
583 3419 712 3465 ante
758 3430 877 3464 aras
924 3414 1251 3486 spargisque
1298 3415 1446 3467 mola
1491 3427 1671 3484 caput,
1720 3417 1969 3486 inprobe,
2016 3417 2177 3484 salsa,
