<?xml version="1.0" encoding="UTF-8"?>
<!DOCTYPE html PUBLIC "-//W3C//DTD XHTML 1.0 Transitional//EN"
    "http://www.w3.org/TR/xhtml1/DTD/xhtml1-transitional.dtd">
<html xmlns="http://www.w3.org/1999/xhtml" xml:lang="en" lang="en">
 <head>
  <title>
</title>
<meta http-equiv="Content-Type" content="text/html;charset=utf-8" />
  <meta name='ocr-system' content='tesseract 3.04.00' />
  <meta name='ocr-capabilities' content='ocr_page ocr_carea ocr_par ocr_line ocrx_word'/>
</head>
<body>
  <div class='ocr_page' id='page_1' title='image "./qhoratiusflaccu00linkgoog_0272.png"; bbox 0 0 2459 3959; ppageno 0'>
   <div class='ocr_carea' id='block_1_1' title="bbox 364 275 1632 338">
    <p class='ocr_par' dir='ltr' id='par_1_1' title="bbox 364 275 1632 338">
     <span class='ocr_line' id='line_1_1' title="bbox 364 275 1632 338; baseline 0.001 -1"><span class='ocrx_word' id='word_1_1' title='bbox 364 275 495 337; x_wconf 78' lang='lat'><strong>212</strong></span> <span class='ocrx_word' id='word_1_2' title='bbox 1073 280 1632 338; x_wconf 78' lang='lat' dir='ltr'><strong>EPISTVLARVM</strong></span> 
     </span>
    </p>
   </div>
   <div class='ocr_carea' id='block_1_2' title="bbox 324 432 2294 3583">
    <p class='ocr_par' dir='ltr' id='par_1_2' title="bbox 495 432 1704 493">
     <span class='ocr_line' id='line_1_2' title="bbox 495 432 1704 493; baseline 0.001 -1"><span class='ocrx_word' id='word_1_3' title='bbox 495 433 612 491; x_wconf 88' lang='lat' dir='ltr'><strong>otia</strong></span> <span class='ocrx_word' id='word_1_4' title='bbox 653 432 864 490; x_wconf 82' lang='lat' dir='ltr'><strong>divitiis</strong></span> <span class='ocrx_word' id='word_1_5' title='bbox 908 434 1158 491; x_wconf 82' lang='lat' dir='ltr'><strong>Arabum</strong></span> <span class='ocrx_word' id='word_1_6' title='bbox 1198 434 1484 491; x_wconf 87' lang='lat' dir='ltr'><strong>liberrima</strong></span> <span class='ocrx_word' id='word_1_7' title='bbox 1527 443 1704 493; x_wconf 77' lang='lat' dir='ltr'><strong>muto·</strong></span> 
     </span>
    </p>

    <p class='ocr_par' dir='ltr' id='par_1_3' title="bbox 486 520 1972 765">
     <span class='ocr_line' id='line_1_3' title="bbox 492 520 1972 595; baseline 0.001 -19"><span class='ocrx_word' id='word_1_8' title='bbox 492 538 663 593; x_wconf 78' lang='lat' dir='ltr'><strong>saepe</strong></span> <span class='ocrx_word' id='word_1_9' title='bbox 707 522 1082 576; x_wconf 82' lang='lat' dir='ltr'><strong>verecundum</strong></span> <span class='ocrx_word' id='word_1_10' title='bbox 1126 520 1390 590; x_wconf 79' lang='lat' dir='ltr'><strong>laudasti,</strong></span> <span class='ocrx_word' id='word_1_11' title='bbox 1437 539 1650 593; x_wconf 81' lang='lat' dir='ltr'><strong>rexque</strong></span> <span class='ocrx_word' id='word_1_12' title='bbox 1693 528 1972 595; x_wconf 82' lang='lat' dir='ltr'><strong>paterque</strong></span> 
     </span>
     <span class='ocr_line' id='line_1_4' title="bbox 489 605 1858 679; baseline 0 -18"><span class='ocrx_word' id='word_1_13' title='bbox 489 605 696 661; x_wconf 84' lang='lat' dir='ltr'><strong>audisti</strong></span> <span class='ocrx_word' id='word_1_14' title='bbox 742 623 945 674; x_wconf 87' lang='lat' dir='ltr'><strong>coram,</strong></span> <span class='ocrx_word' id='word_1_15' title='bbox 990 624 1096 661; x_wconf 89' lang='lat' dir='ltr'><strong>nec</strong></span> <span class='ocrx_word' id='word_1_16' title='bbox 1138 608 1310 661; x_wconf 82' lang='lat' dir='ltr'><strong>verbo</strong></span> <span class='ocrx_word' id='word_1_17' title='bbox 1350 606 1572 679; x_wconf 83' lang='lat' dir='ltr'><strong>parcius</strong></span> <span class='ocrx_word' id='word_1_18' title='bbox 1618 608 1858 661; x_wconf 87' lang='lat' dir='ltr'><strong>absens:</strong></span> 
     </span>
     <span class='ocr_line' id='line_1_5' title="bbox 486 692 1876 765; baseline 0 -18"><span class='ocrx_word' id='word_1_19' title='bbox 486 692 703 764; x_wconf 75' lang='lat' dir='ltr'><strong>inspice</strong></span> <span class='ocrx_word' id='word_1_20' title='bbox 748 692 795 746; x_wconf 85' lang='lat' dir='ltr'><strong>si</strong></span> <span class='ocrx_word' id='word_1_21' title='bbox 836 710 1063 765; x_wconf 84' lang='lat' dir='ltr'><strong>possum</strong></span> <span class='ocrx_word' id='word_1_22' title='bbox 1107 693 1316 747; x_wconf 78' lang='lat' dir='ltr'><strong>donata</strong></span> <span class='ocrx_word' id='word_1_23' title='bbox 1358 710 1634 764; x_wconf 78' lang='lat' dir='ltr'><strong>reponere</strong></span> <span class='ocrx_word' id='word_1_24' title='bbox 1676 693 1876 747; x_wconf 85' lang='lat' dir='ltr'><strong>laetus.</strong></span> 
     </span>
    </p>

    <p class='ocr_par' dir='ltr' id='par_1_4' title="bbox 362 777 2178 1195">
     <span class='ocr_line' id='line_1_6' title="bbox 362 777 2021 851; baseline 0 -18"><span class='ocrx_word' id='word_1_25' title='bbox 362 783 439 833; x_wconf 81' lang='lat'><strong>40</strong></span> <span class='ocrx_word' id='word_1_26' title='bbox 486 778 634 833; x_wconf 89' lang='lat' dir='ltr'><strong>haud</strong></span> <span class='ocrx_word' id='word_1_27' title='bbox 677 778 823 831; x_wconf 88' lang='lat' dir='ltr'><strong>male</strong></span> <span class='ocrx_word' id='word_1_28' title='bbox 868 778 1256 844; x_wconf 78' lang='lat' dir='ltr'><strong>Telemachus,</strong></span> <span class='ocrx_word' id='word_1_29' title='bbox 1301 778 1488 850; x_wconf 89' lang='lat' dir='ltr'><strong>proles</strong></span> <span class='ocrx_word' id='word_1_30' title='bbox 1533 778 1796 851; x_wconf 86' lang='lat' dir='ltr'><strong>patientis</strong></span> <span class='ocrx_word' id='word_1_31' title='bbox 1843 777 2021 848; x_wconf 82' lang='lat' dir='ltr'>Vlixi,</span> 
     </span>
     <span class='ocr_line' id='line_1_7' title="bbox 487 860 2178 938; baseline 0.005 -21"><span class='ocrx_word' id='word_1_32' title='bbox 487 860 618 918; x_wconf 88' lang='lat' dir='ltr'><strong>‘non</strong></span> <span class='ocrx_word' id='word_1_33' title='bbox 662 870 749 917; x_wconf 88' lang='lat' dir='ltr'><strong>est</strong></span> <span class='ocrx_word' id='word_1_34' title='bbox 792 870 955 936; x_wconf 88' lang='lat' dir='ltr'><strong>aptus</strong></span> <span class='ocrx_word' id='word_1_35' title='bbox 1000 862 1157 935; x_wconf 87' lang='lat' dir='ltr'><strong>equis</strong></span> <span class='ocrx_word' id='word_1_36' title='bbox 1200 863 1394 918; x_wconf 80' lang='lat' dir='ltr'><strong>Ithace</strong></span> <span class='ocrx_word' id='word_1_37' title='bbox 1436 862 1610 931; x_wconf 85' lang='lat' dir='ltr'><strong>locus,</strong></span> <span class='ocrx_word' id='word_1_38' title='bbox 1655 872 1720 919; x_wconf 92' lang='lat' dir='ltr'><strong>ut</strong></span> <span class='ocrx_word' id='word_1_39' title='bbox 1761 881 1944 937; x_wconf 87' lang='lat' dir='ltr'><strong>neque</strong></span> <span class='ocrx_word' id='word_1_40' title='bbox 1989 866 2178 938; x_wconf 82' lang='lat' dir='ltr'><strong>planis</strong></span> 
     </span>
     <span class='ocr_line' id='line_1_8' title="bbox 480 948 2009 1022; baseline 0 -19"><span class='ocrx_word' id='word_1_41' title='bbox 480 956 769 1022; x_wconf 86' lang='lat' dir='ltr'><strong>porrectus</strong></span> <span class='ocrx_word' id='word_1_42' title='bbox 814 948 1009 1021; x_wconf 82' lang='lat' dir='ltr'><strong>spatiis</strong></span> <span class='ocrx_word' id='word_1_43' title='bbox 1054 966 1159 1003; x_wconf 91' lang='lat' dir='ltr'><strong>nec</strong></span> <span class='ocrx_word' id='word_1_44' title='bbox 1202 948 1410 1004; x_wconf 84' lang='lat' dir='ltr'><strong>multae</strong></span> <span class='ocrx_word' id='word_1_45' title='bbox 1453 948 1726 1021; x_wconf 85' lang='lat' dir='ltr'><strong>prodigus</strong></span> <span class='ocrx_word' id='word_1_46' title='bbox 1770 951 2009 1007; x_wconf 85' lang='lat' dir='ltr'><strong>herbae:</strong></span> 
     </span>
     <span class='ocr_line' id='line_1_9' title="bbox 480 1033 1968 1107; baseline 0.003 -20"><span class='ocrx_word' id='word_1_47' title='bbox 480 1033 699 1099; x_wconf 85' lang='lat' dir='ltr'><strong>Atride,</strong></span> <span class='ocrx_word' id='word_1_48' title='bbox 744 1034 919 1106; x_wconf 84' lang='lat' dir='ltr'><strong>magis</strong></span> <span class='ocrx_word' id='word_1_49' title='bbox 966 1041 1096 1107; x_wconf 85' lang='lat' dir='ltr'><strong>apta</strong></span> <span class='ocrx_word' id='word_1_50' title='bbox 1133 1033 1242 1088; x_wconf 87' lang='lat' dir='ltr'><strong>tibi</strong></span> <span class='ocrx_word' id='word_1_51' title='bbox 1283 1042 1384 1088; x_wconf 88' lang='lat' dir='ltr'><strong>tua</strong></span> <span class='ocrx_word' id='word_1_52' title='bbox 1427 1034 1576 1089; x_wconf 90' lang='lat' dir='ltr'><strong>dona</strong></span> <span class='ocrx_word' id='word_1_53' title='bbox 1617 1035 1968 1107; x_wconf 65' lang='lat' dir='ltr'><strong>relinquam!</strong></span> 
     </span>
     <span class='ocr_line' id='line_1_10' title="bbox 479 1119 2124 1195; baseline 0.003 -21"><span class='ocrx_word' id='word_1_54' title='bbox 479 1136 711 1192; x_wconf 84' lang='lat' dir='ltr'><strong>parvum</strong></span> <span class='ocrx_word' id='word_1_55' title='bbox 753 1138 927 1195; x_wconf 85' lang='lat' dir='ltr'><strong>parva</strong></span> <span class='ocrx_word' id='word_1_56' title='bbox 970 1121 1209 1189; x_wconf 48' lang='lat' dir='ltr'><strong>decenti</strong></span> <span class='ocrx_word' id='word_1_57' title='bbox 1239 1119 1374 1173; x_wconf 87' lang='lat' dir='ltr'><strong>mihi</strong></span> <span class='ocrx_word' id='word_1_58' title='bbox 1416 1119 1526 1175; x_wconf 81' lang='lat' dir='ltr'><strong>iam</strong></span> <span class='ocrx_word' id='word_1_59' title='bbox 1571 1137 1684 1175; x_wconf 84' lang='lat' dir='ltr'><strong>uon</strong></span> <span class='ocrx_word' id='word_1_60' title='bbox 1727 1120 1882 1191; x_wconf 86' lang='lat' dir='ltr'><strong>regia</strong></span> <span class='ocrx_word' id='word_1_61' title='bbox 1921 1122 2124 1194; x_wconf 85' lang='lat' dir='ltr'><strong>Roma,</strong></span> 
     </span>
    </p>

    <p class='ocr_par' dir='ltr' id='par_1_5' title="bbox 354 1204 2081 1621">
     <span class='ocr_line' id='line_1_11' title="bbox 354 1204 2081 1277; baseline 0.004 -20"><span class='ocrx_word' id='word_1_62' title='bbox 354 1210 429 1258; x_wconf 85' lang='lat'><strong>45</strong></span> <span class='ocrx_word' id='word_1_63' title='bbox 480 1207 580 1260; x_wconf 89' lang='lat' dir='ltr'><strong>sed</strong></span> <span class='ocrx_word' id='word_1_64' title='bbox 624 1223 860 1260; x_wconf 83' lang='lat' dir='ltr'><strong>vacuum</strong></span> <span class='ocrx_word' id='word_1_65' title='bbox 906 1204 1087 1259; x_wconf 86' lang='lat' dir='ltr'><strong>Tibur</strong></span> <span class='ocrx_word' id='word_1_66' title='bbox 1129 1205 1318 1277; x_wconf 89' lang='lat' dir='ltr'><strong>placet</strong></span> <span class='ocrx_word' id='word_1_67' title='bbox 1361 1214 1460 1259; x_wconf 87' lang='lat' dir='ltr'><strong>aut</strong></span> <span class='ocrx_word' id='word_1_68' title='bbox 1501 1205 1707 1262; x_wconf 84' lang='lat' dir='ltr'><strong>inbelle</strong></span> <span class='ocrx_word' id='word_1_69' title='bbox 1752 1206 2081 1264; x_wconf 80' lang='lat' dir='ltr'><strong>Tarentum.</strong></span> 
     </span>
     <span class='ocr_line' id='line_1_12' title="bbox 476 1290 2020 1364; baseline 0.003 -19"><span class='ocrx_word' id='word_1_70' title='bbox 476 1299 734 1345; x_wconf 86' lang='lat' dir='ltr'><strong>strenuus</strong></span> <span class='ocrx_word' id='word_1_71' title='bbox 779 1300 837 1346; x_wconf 87' lang='lat' dir='ltr'><strong>et</strong></span> <span class='ocrx_word' id='word_1_72' title='bbox 878 1290 1039 1345; x_wconf 83' lang='lat' dir='ltr'><strong>fortis</strong></span> <span class='ocrx_word' id='word_1_73' title='bbox 1084 1290 1406 1362; x_wconf 83' lang='lat' dir='ltr'><strong>caussisque</strong></span> <span class='ocrx_word' id='word_1_74' title='bbox 1449 1290 1744 1364; x_wconf 85' lang='lat' dir='ltr'><strong>Philippus</strong></span> <span class='ocrx_word' id='word_1_75' title='bbox 1789 1294 2020 1364; x_wconf 85' lang='lat' dir='ltr'><strong>agendis</strong></span> 
     </span>
     <span class='ocr_line' id='line_1_13' title="bbox 474 1375 1838 1443; baseline 0 -12"><span class='ocrx_word' id='word_1_76' title='bbox 474 1376 675 1443; x_wconf 87' lang='lat' dir='ltr'><strong>clarus,</strong></span> <span class='ocrx_word' id='word_1_77' title='bbox 723 1378 793 1431; x_wconf 86' lang='lat' dir='ltr'><strong>ab</strong></span> <span class='ocrx_word' id='word_1_78' title='bbox 838 1376 1033 1431; x_wconf 86' lang='lat' dir='ltr'><strong>officiis</strong></span> <span class='ocrx_word' id='word_1_79' title='bbox 1083 1384 1336 1431; x_wconf 82' lang='lat' dir='ltr'><strong>octavam</strong></span> <span class='ocrx_word' id='word_1_80' title='bbox 1382 1375 1602 1431; x_wconf 84' lang='lat' dir='ltr'><strong>circiter</strong></span> <span class='ocrx_word' id='word_1_81' title='bbox 1645 1378 1838 1431; x_wconf 88' lang='lat' dir='ltr'><strong>horam</strong></span> 
     </span>
     <span class='ocr_line' id='line_1_14' title="bbox 479 1461 1986 1534; baseline 0.002 -19"><span class='ocrx_word' id='word_1_82' title='bbox 479 1462 613 1517; x_wconf 90' lang='lat' dir='ltr'><strong>dum</strong></span> <span class='ocrx_word' id='word_1_83' title='bbox 655 1461 804 1517; x_wconf 85' lang='lat' dir='ltr'><strong>redit</strong></span> <span class='ocrx_word' id='word_1_84' title='bbox 846 1470 1015 1534; x_wconf 88' lang='lat' dir='ltr'><strong>atque</strong></span> <span class='ocrx_word' id='word_1_85' title='bbox 1058 1462 1181 1515; x_wconf 81' lang='lat' dir='ltr'><strong>foro</strong></span> <span class='ocrx_word' id='word_1_86' title='bbox 1224 1461 1456 1516; x_wconf 87' lang='lat' dir='ltr'><strong>nimium</strong></span> <span class='ocrx_word' id='word_1_87' title='bbox 1501 1462 1710 1517; x_wconf 88' lang='lat' dir='ltr'><strong>distare</strong></span> <span class='ocrx_word' id='word_1_88' title='bbox 1757 1461 1986 1519; x_wconf 84' lang='lat' dir='ltr'><strong>Carinas</strong></span> 
     </span>
     <span class='ocr_line' id='line_1_15' title="bbox 472 1546 2040 1621; baseline 0.002 -20"><span class='ocrx_word' id='word_1_89' title='bbox 472 1546 583 1603; x_wconf 82' lang='lat' dir='ltr'><strong>iam</strong></span> <span class='ocrx_word' id='word_1_90' title='bbox 627 1547 853 1621; x_wconf 80' lang='lat' dir='ltr'><strong>grandis</strong></span> <span class='ocrx_word' id='word_1_91' title='bbox 899 1554 1033 1601; x_wconf 88' lang='lat' dir='ltr'><strong>natu</strong></span> <span class='ocrx_word' id='word_1_92' title='bbox 1078 1546 1351 1619; x_wconf 89' lang='lat' dir='ltr'><strong>queritur,</strong></span> <span class='ocrx_word' id='word_1_93' title='bbox 1399 1547 1714 1619; x_wconf 83' lang='lat' dir='ltr'><strong>conspexit,</strong></span> <span class='ocrx_word' id='word_1_94' title='bbox 1757 1555 1822 1601; x_wconf 92' lang='lat' dir='ltr'><strong>ut</strong></span> <span class='ocrx_word' id='word_1_95' title='bbox 1865 1548 2040 1617; x_wconf 87' lang='lat' dir='ltr'><strong>aiunt,</strong></span> 
     </span>
    </p>

    <p class='ocr_par' dir='ltr' id='par_1_6' title="bbox 350 1632 2294 2047">
     <span class='ocr_line' id='line_1_16' title="bbox 350 1632 1906 1705; baseline 0.002 -21"><span class='ocrx_word' id='word_1_96' title='bbox 350 1637 426 1687; x_wconf 87' lang='lat'><strong>50</strong></span> <span class='ocrx_word' id='word_1_97' title='bbox 474 1634 733 1688; x_wconf 86' lang='lat' dir='ltr'><strong>adrasum</strong></span> <span class='ocrx_word' id='word_1_98' title='bbox 777 1635 1056 1705; x_wconf 88' lang='lat' dir='ltr'><strong>quendam</strong></span> <span class='ocrx_word' id='word_1_99' title='bbox 1098 1650 1276 1687; x_wconf 83' lang='lat' dir='ltr'><strong>vacua</strong></span> <span class='ocrx_word' id='word_1_100' title='bbox 1317 1632 1562 1687; x_wconf 86' lang='lat' dir='ltr'><strong>tonsoris</strong></span> <span class='ocrx_word' id='word_1_101' title='bbox 1608 1632 1667 1687; x_wconf 88' lang='lat' dir='ltr'><strong>in</strong></span> <span class='ocrx_word' id='word_1_102' title='bbox 1707 1634 1906 1687; x_wconf 89' lang='lat' dir='ltr'><strong>umbra</strong></span> 
     </span>
     <span class='ocr_line' id='line_1_17' title="bbox 469 1718 1890 1791; baseline 0.002 -18"><span class='ocrx_word' id='word_1_103' title='bbox 469 1719 702 1774; x_wconf 90' lang='lat' dir='ltr'><strong>cultello</strong></span> <span class='ocrx_word' id='word_1_104' title='bbox 747 1718 1003 1789; x_wconf 83' lang='lat' dir='ltr'><strong>proprios</strong></span> <span class='ocrx_word' id='word_1_105' title='bbox 1047 1726 1377 1791; x_wconf 83' lang='lat' dir='ltr'><strong>purgantem</strong></span> <span class='ocrx_word' id='word_1_106' title='bbox 1420 1718 1624 1773; x_wconf 88' lang='lat' dir='ltr'><strong>leniter</strong></span> <span class='ocrx_word' id='word_1_107' title='bbox 1667 1718 1890 1790; x_wconf 76' lang='lat' dir='ltr'><strong>unguis.</strong></span> 
     </span>
     <span class='ocr_line' id='line_1_18' title="bbox 468 1800 2050 1877; baseline 0 -18"><span class='ocrx_word' id='word_1_108' title='bbox 468 1800 760 1873; x_wconf 77' lang='lat' dir='ltr'><strong>‘Demetri&#39;</strong></span> <span class='ocrx_word' id='word_1_109' title='bbox 802 1831 888 1841; x_wconf 94' lang='lat'>—</span> <span class='ocrx_word' id='word_1_110' title='bbox 931 1822 1071 1876; x_wconf 91' lang='lat' dir='ltr'><strong>puer</strong></span> <span class='ocrx_word' id='word_1_111' title='bbox 1114 1803 1205 1857; x_wconf 90' lang='lat' dir='ltr'><strong>hic</strong></span> <span class='ocrx_word' id='word_1_112' title='bbox 1247 1821 1360 1857; x_wconf 88' lang='lat' dir='ltr'><strong>non</strong></span> <span class='ocrx_word' id='word_1_113' title='bbox 1403 1801 1562 1859; x_wconf 82' lang='lat' dir='ltr'><strong>laeve</strong></span> <span class='ocrx_word' id='word_1_114' title='bbox 1607 1804 1754 1859; x_wconf 85' lang='lat' dir='ltr'><strong>iussa</strong></span> <span class='ocrx_word' id='word_1_115' title='bbox 1801 1803 2050 1877; x_wconf 89' lang='lat' dir='ltr'><strong>Philippi</strong></span> 
     </span>
     <span class='ocr_line' id='line_1_19' title="bbox 467 1885 2294 1966; baseline 0.003 -22"><span class='ocrx_word' id='word_1_116' title='bbox 467 1889 779 1961; x_wconf 86' lang='lat' dir='ltr'><strong>accipiebat</strong></span> <span class='ocrx_word' id='word_1_117' title='bbox 821 1916 927 1955; x_wconf 90' lang='lat'><strong>-—,</strong></span> <span class='ocrx_word' id='word_1_118' title='bbox 974 1885 1105 1955; x_wconf 84' lang='lat' dir='ltr'><strong>‘abi‚</strong></span> <span class='ocrx_word' id='word_1_119' title='bbox 1151 1906 1360 1960; x_wconf 86' lang='lat' dir='ltr'><strong>quaere</strong></span> <span class='ocrx_word' id='word_1_120' title='bbox 1404 1898 1464 1943; x_wconf 88' lang='lat' dir='ltr'><strong>et</strong></span> <span class='ocrx_word' id='word_1_121' title='bbox 1505 1889 1672 1957; x_wconf 87' lang='lat' dir='ltr'><strong>refer,</strong></span> <span class='ocrx_word' id='word_1_122' title='bbox 1719 1890 1869 1943; x_wconf 88' lang='lat' dir='ltr'><strong>unde</strong></span> <span class='ocrx_word' id='word_1_123' title='bbox 1915 1890 2102 1959; x_wconf 80' lang='lat' dir='ltr'><strong>dome,</strong></span> <span class='ocrx_word' id='word_1_124' title='bbox 2148 1892 2294 1966; x_wconf 85' lang='lat' dir='ltr'><strong>quis,</strong></span> 
     </span>
     <span class='ocr_line' id='line_1_20' title="bbox 467 1975 1967 2047; baseline 0 -18"><span class='ocrx_word' id='word_1_125' title='bbox 467 1975 623 2029; x_wconf 87' lang='lat' dir='ltr'><strong>cuius</strong></span> <span class='ocrx_word' id='word_1_126' title='bbox 666 1976 944 2043; x_wconf 83' lang='lat' dir='ltr'><strong>fortunae,</strong></span> <span class='ocrx_word' id='word_1_127' title='bbox 992 1992 1102 2045; x_wconf 91' lang='lat' dir='ltr'><strong>quo</strong></span> <span class='ocrx_word' id='word_1_128' title='bbox 1148 1975 1221 2028; x_wconf 86' lang='lat' dir='ltr'><strong>sit</strong></span> <span class='ocrx_word' id='word_1_129' title='bbox 1263 1983 1425 2045; x_wconf 89' lang='lat' dir='ltr'><strong>patre</strong></span> <span class='ocrx_word' id='word_1_130' title='bbox 1469 1992 1648 2047; x_wconf 85' lang='lat' dir='ltr'><strong>quove</strong></span> <span class='ocrx_word' id='word_1_131' title='bbox 1691 1975 1967 2047; x_wconf 84' lang='lat' dir='ltr'><strong>patron0.’</strong></span> 
     </span>
    </p>

    <p class='ocr_par' dir='ltr' id='par_1_7' title="bbox 342 2058 2086 2475">
     <span class='ocr_line' id='line_1_21' title="bbox 342 2058 1941 2128; baseline -0.001 -13"><span class='ocrx_word' id='word_1_132' title='bbox 342 2066 416 2115; x_wconf 80' lang='lat'><strong>55</strong></span> <span class='ocrx_word' id='word_1_133' title='bbox 464 2060 511 2115; x_wconf 91' lang='lat' dir='ltr'><strong>it</strong></span> <span class='ocrx_word' id='word_1_134' title='bbox 552 2061 701 2115; x_wconf 85' lang='lat' dir='ltr'><strong>redit</strong></span> <span class='ocrx_word' id='word_1_135' title='bbox 744 2067 803 2116; x_wconf 90' lang='lat' dir='ltr'><strong>et</strong></span> <span class='ocrx_word' id='word_1_136' title='bbox 844 2067 1049 2125; x_wconf 83' lang='lat' dir='ltr'><strong>narrat,</strong></span> <span class='ocrx_word' id='word_1_137' title='bbox 1095 2058 1384 2115; x_wconf 90' lang='lat' dir='ltr'><strong>Volteium</strong></span> <span class='ocrx_word' id='word_1_138' title='bbox 1427 2059 1651 2114; x_wconf 89' lang='lat' dir='ltr'><strong>nomine</strong></span> <span class='ocrx_word' id='word_1_139' title='bbox 1694 2060 1941 2128; x_wconf 85' lang='lat' dir='ltr'><strong>Menam,</strong></span> 
     </span>
     <span class='ocr_line' id='line_1_22' title="bbox 463 2144 1994 2219; baseline 0 -18"><span class='ocrx_word' id='word_1_140' title='bbox 463 2164 813 2219; x_wconf 86' lang='lat' dir='ltr'><strong>praeconem,</strong></span> <span class='ocrx_word' id='word_1_141' title='bbox 856 2144 1013 2200; x_wconf 87' lang='lat' dir='ltr'><strong>tenui</strong></span> <span class='ocrx_word' id='word_1_142' title='bbox 1059 2161 1253 2213; x_wconf 86' lang='lat' dir='ltr'><strong>censu,</strong></span> <span class='ocrx_word' id='word_1_143' title='bbox 1299 2144 1420 2199; x_wconf 88' lang='lat' dir='ltr'><strong>sine</strong></span> <span class='ocrx_word' id='word_1_144' title='bbox 1464 2145 1716 2213; x_wconf 88' lang='lat' dir='ltr'><strong>crimine,</strong></span> <span class='ocrx_word' id='word_1_145' title='bbox 1762 2154 1994 2201; x_wconf 75' lang='lat' dir='ltr'><strong>notum&#39;</strong></span> 
     </span>
     <span class='ocr_line' id='line_1_23' title="bbox 464 2230 2086 2303; baseline -0.001 -16"><span class='ocrx_word' id='word_1_146' title='bbox 464 2238 524 2287; x_wconf 82' lang='lat' dir='ltr'><strong>et</strong></span> <span class='ocrx_word' id='word_1_147' title='bbox 565 2248 865 2303; x_wconf 84' lang='lat' dir='ltr'><strong>properare</strong></span> <span class='ocrx_word' id='word_1_148' title='bbox 908 2231 1031 2285; x_wconf 88' lang='lat' dir='ltr'><strong>loco</strong></span> <span class='ocrx_word' id='word_1_149' title='bbox 1078 2239 1136 2285; x_wconf 91' lang='lat' dir='ltr'><strong>et</strong></span> <span class='ocrx_word' id='word_1_150' title='bbox 1179 2248 1420 2300; x_wconf 87' lang='lat' dir='ltr'><strong>cessare,</strong></span> <span class='ocrx_word' id='word_1_151' title='bbox 1466 2239 1525 2285; x_wconf 91' lang='lat' dir='ltr'><strong>et</strong></span> <span class='ocrx_word' id='word_1_152' title='bbox 1567 2249 1837 2303; x_wconf 86' lang='lat' dir='ltr'><strong>quaerere</strong></span> <span class='ocrx_word' id='word_1_153' title='bbox 1883 2238 1942 2285; x_wconf 90' lang='lat' dir='ltr'><strong>et</strong></span> <span class='ocrx_word' id='word_1_154' title='bbox 1983 2230 2086 2299; x_wconf 88' lang='lat' dir='ltr'><strong>uti,</strong></span> 
     </span>
     <span class='ocr_line' id='line_1_24' title="bbox 458 2315 1955 2389; baseline 0 -18"><span class='ocrx_word' id='word_1_155' title='bbox 458 2318 795 2389; x_wconf 87' lang='lat' dir='ltr'><strong>gaudentem</strong></span> <span class='ocrx_word' id='word_1_156' title='bbox 840 2315 1141 2389; x_wconf 82' lang='lat' dir='ltr'><strong>parvisque</strong></span> <span class='ocrx_word' id='word_1_157' title='bbox 1184 2316 1467 2371; x_wconf 84' lang='lat' dir='ltr'><strong>sodalibus</strong></span> <span class='ocrx_word' id='word_1_158' title='bbox 1513 2324 1572 2372; x_wconf 91' lang='lat' dir='ltr'><strong>et</strong></span> <span class='ocrx_word' id='word_1_159' title='bbox 1614 2318 1730 2371; x_wconf 86' lang='lat' dir='ltr'><strong>lare</strong></span> <span class='ocrx_word' id='word_1_160' title='bbox 1775 2324 1955 2386; x_wconf 83' lang='lat' dir='ltr'><strong>curte,</strong></span> 
     </span>
     <span class='ocr_line' id='line_1_25' title="bbox 460 2400 1744 2475; baseline -0.001 -18"><span class='ocrx_word' id='word_1_161' title='bbox 460 2410 518 2457; x_wconf 88' lang='lat' dir='ltr'><strong>et</strong></span> <span class='ocrx_word' id='word_1_162' title='bbox 560 2400 708 2457; x_wconf 84' lang='lat' dir='ltr'><strong>ludis</strong></span> <span class='ocrx_word' id='word_1_163' title='bbox 754 2409 814 2456; x_wconf 88' lang='lat' dir='ltr'><strong>et</strong></span> <span class='ocrx_word' id='word_1_164' title='bbox 857 2410 983 2475; x_wconf 89' lang='lat' dir='ltr'><strong>post</strong></span> <span class='ocrx_word' id='word_1_165' title='bbox 1027 2401 1217 2456; x_wconf 89' lang='lat' dir='ltr'><strong>decisa</strong></span> <span class='ocrx_word' id='word_1_166' title='bbox 1260 2402 1486 2473; x_wconf 86' lang='lat' dir='ltr'><strong>negotia</strong></span> <span class='ocrx_word' id='word_1_167' title='bbox 1529 2418 1744 2474; x_wconf 79' lang='lat' dir='ltr'><strong>campo,</strong></span> 
     </span>
    </p>

    <p class='ocr_par' dir='ltr' id='par_1_8' title="bbox 337 2483 2152 2903">
     <span class='ocr_line' id='line_1_26' title="bbox 337 2483 1935 2560; baseline 0.001 -21"><span class='ocrx_word' id='word_1_168' title='bbox 337 2493 409 2543; x_wconf 89' lang='grc'><strong>60</strong></span> <span class='ocrx_word' id='word_1_169' title='bbox 458 2483 665 2541; x_wconf 89' lang='lat' dir='ltr'><strong>‘scitari</strong></span> <span class='ocrx_word' id='word_1_170' title='bbox 709 2487 847 2542; x_wconf 87' lang='lat' dir='ltr'><strong>libet</strong></span> <span class='ocrx_word' id='word_1_171' title='bbox 890 2506 962 2541; x_wconf 85' lang='lat' dir='ltr'><strong>ex</strong></span> <span class='ocrx_word' id='word_1_172' title='bbox 1003 2486 1126 2559; x_wconf 87' lang='lat' dir='ltr'><strong>ipso</strong></span> <span class='ocrx_word' id='word_1_173' title='bbox 1172 2489 1543 2560; x_wconf 88' lang='lat' dir='ltr'><strong>quodcunque</strong></span> <span class='ocrx_word' id='word_1_174' title='bbox 1587 2488 1796 2542; x_wconf 89' lang='lat' dir='ltr'><strong>refers:</strong></span> <span class='ocrx_word' id='word_1_175' title='bbox 1843 2485 1935 2541; x_wconf 89' lang='lat' dir='ltr'><strong>dic</strong></span> 
     </span>
     <span class='ocr_line' id='line_1_27' title="bbox 455 2564 1891 2640; baseline -0.001 -13"><span class='ocrx_word' id='word_1_176' title='bbox 455 2574 528 2628; x_wconf 88' lang='lat' dir='ltr'><strong>ad</strong></span> <span class='ocrx_word' id='word_1_177' title='bbox 572 2590 765 2627; x_wconf 86' lang='lat' dir='ltr'><strong>cenam</strong></span> <span class='ocrx_word' id='word_1_178' title='bbox 807 2564 1037 2627; x_wconf 62' lang='lat' dir='ltr'><strong>veniat?</strong></span> <span class='ocrx_word' id='word_1_179' title='bbox 1096 2590 1209 2625; x_wconf 89' lang='lat' dir='ltr'><strong>non</strong></span> <span class='ocrx_word' id='word_1_180' title='bbox 1255 2590 1387 2627; x_wconf 76' lang='lat' dir='ltr'><strong>sane</strong></span> <span class='ocrx_word' id='word_1_181' title='bbox 1432 2574 1660 2628; x_wconf 89' lang='lat' dir='ltr'><strong>credere</strong></span> <span class='ocrx_word' id='word_1_182' title='bbox 1704 2573 1891 2640; x_wconf 84' lang='lat' dir='ltr'><strong>Mena,</strong></span> 
     </span>
     <span class='ocr_line' id='line_1_28' title="bbox 453 2655 1925 2731; baseline -0.001 -18"><span class='ocrx_word' id='word_1_183' title='bbox 453 2658 644 2713; x_wconf 84' lang='lat' dir='ltr'><strong>mirari</strong></span> <span class='ocrx_word' id='word_1_184' title='bbox 688 2676 873 2712; x_wconf 89' lang='lat' dir='ltr'><strong>secum</strong></span> <span class='ocrx_word' id='word_1_185' title='bbox 916 2658 1137 2713; x_wconf 86' lang='lat' dir='ltr'><strong>tacitus.</strong></span> <span class='ocrx_word' id='word_1_186' title='bbox 1199 2658 1335 2731; x_wconf 87' lang='lat' dir='ltr'><strong>quid</strong></span> <span class='ocrx_word' id='word_1_187' title='bbox 1379 2657 1602 2711; x_wconf 81' lang='lat' dir='ltr'><strong>multa?</strong></span> <span class='ocrx_word' id='word_1_188' title='bbox 1649 2655 1925 2729; x_wconf 85' lang='lat' dir='ltr'><strong>‘benigne’</strong></span> 
     </span>
     <span class='ocr_line' id='line_1_29' title="bbox 454 2742 2152 2816; baseline 0.001 -19"><span class='ocrx_word' id='word_1_189' title='bbox 454 2746 771 2815; x_wconf 86' lang='lat' dir='ltr'><strong>respondet.</strong></span> <span class='ocrx_word' id='word_1_190' title='bbox 834 2742 1018 2816; x_wconf 85' lang='lat' dir='ltr'><strong>‘neget</strong></span> <span class='ocrx_word' id='word_1_191' title='bbox 1058 2743 1153 2798; x_wconf 88' lang='lat' dir='ltr'><strong>ille</strong></span> <span class='ocrx_word' id='word_1_192' title='bbox 1197 2744 1334 2798; x_wconf 89' lang='lat' dir='ltr'><strong>mihi</strong></span> <span class='ocrx_word' id='word_1_193' title='bbox 1353 2744 1398 2797; x_wconf 60' lang='grc' dir='ltr'><strong><em>Ῥ</em></strong></span> <span class='ocrx_word' id='word_1_194' title='bbox 1449 2742 1636 2816; x_wconf 86' lang='lat' dir='ltr'><strong>‘negat</strong></span> <span class='ocrx_word' id='word_1_195' title='bbox 1678 2743 1948 2815; x_wconf 83' lang='lat' dir='ltr'><strong>inprobus</strong></span> <span class='ocrx_word' id='word_1_196' title='bbox 1993 2749 2053 2799; x_wconf 87' lang='lat' dir='ltr'><strong>et</strong></span> <span class='ocrx_word' id='word_1_197' title='bbox 2091 2751 2152 2799; x_wconf 84' lang='lat' dir='ltr'><strong>te</strong></span> 
     </span>
     <span class='ocr_line' id='line_1_30' title="bbox 453 2827 2014 2903; baseline 0.001 -21"><span class='ocrx_word' id='word_1_198' title='bbox 453 2829 705 2903; x_wconf 87' lang='lat' dir='ltr'><strong>neglegit</strong></span> <span class='ocrx_word' id='word_1_199' title='bbox 747 2838 847 2884; x_wconf 87' lang='lat' dir='ltr'><strong>aut</strong></span> <span class='ocrx_word' id='word_1_200' title='bbox 888 2829 1120 2885; x_wconf 87' lang='lat' dir='ltr'><strong>horret.’</strong></span> <span class='ocrx_word' id='word_1_201' title='bbox 1182 2828 1472 2885; x_wconf 88' lang='lat' dir='ltr'><strong>Volteium</strong></span> <span class='ocrx_word' id='word_1_202' title='bbox 1515 2846 1678 2883; x_wconf 90' lang='lat' dir='ltr'><strong>mane</strong></span> <span class='ocrx_word' id='word_1_203' title='bbox 1720 2827 2014 2901; x_wconf 89' lang='lat' dir='ltr'><strong>Philippus</strong></span> 
     </span>
    </p>

    <p class='ocr_par' dir='ltr' id='par_1_9' title="bbox 330 2913 2186 3329">
     <span class='ocr_line' id='line_1_31' title="bbox 330 2913 1752 2987; baseline -0.001 -18"><span class='ocrx_word' id='word_1_204' title='bbox 330 2920 403 2969; x_wconf 88' lang='grc'><strong>65</strong></span> <span class='ocrx_word' id='word_1_205' title='bbox 452 2914 585 2969; x_wconf 80' lang='lat' dir='ltr'><strong>vilia</strong></span> <span class='ocrx_word' id='word_1_206' title='bbox 627 2916 961 2970; x_wconf 84' lang='lat' dir='ltr'><strong>vendentem</strong></span> <span class='ocrx_word' id='word_1_207' title='bbox 1006 2913 1256 2970; x_wconf 88' lang='lat' dir='ltr'><strong>tunicato</strong></span> <span class='ocrx_word' id='word_1_208' title='bbox 1301 2925 1487 2970; x_wconf 85' lang='lat' dir='ltr'><strong>scruta</strong></span> <span class='ocrx_word' id='word_1_209' title='bbox 1527 2915 1752 2987; x_wconf 91' lang='lat' dir='ltr'><strong>popello</strong></span> 
     </span>
     <span class='ocr_line' id='line_1_32' title="bbox 451 2997 1930 3073; baseline -0.002 -18"><span class='ocrx_word' id='word_1_210' title='bbox 451 3008 687 3073; x_wconf 86' lang='lat' dir='ltr'><strong>occupat</strong></span> <span class='ocrx_word' id='word_1_211' title='bbox 732 3010 790 3055; x_wconf 88' lang='lat' dir='ltr'><strong>et</strong></span> <span class='ocrx_word' id='word_1_212' title='bbox 832 3001 1047 3057; x_wconf 84' lang='lat' dir='ltr'><strong>salvere</strong></span> <span class='ocrx_word' id='word_1_213' title='bbox 1090 2999 1249 3055; x_wconf 90' lang='lat' dir='ltr'><strong>iubet</strong></span> <span class='ocrx_word' id='word_1_214' title='bbox 1290 3002 1468 3073; x_wconf 84' lang='lat' dir='ltr'><strong>prior.</strong></span> <span class='ocrx_word' id='word_1_215' title='bbox 1529 3000 1624 3055; x_wconf 89' lang='lat' dir='ltr'><strong>ille</strong></span> <span class='ocrx_word' id='word_1_216' title='bbox 1667 2997 1930 3071; x_wconf 89' lang='lat' dir='ltr'><strong>Philippo</strong></span> 
     </span>
     <span class='ocr_line' id='line_1_33' title="bbox 448 3085 1772 3152; baseline -0.001 -11"><span class='ocrx_word' id='word_1_217' title='bbox 448 3103 713 3141; x_wconf 83' lang='lat' dir='ltr'><strong>excusare</strong></span> <span class='ocrx_word' id='word_1_218' title='bbox 756 3087 1005 3141; x_wconf 90' lang='lat' dir='ltr'><strong>laborem</strong></span> <span class='ocrx_word' id='word_1_219' title='bbox 1047 3092 1105 3139; x_wconf 89' lang='lat' dir='ltr'><strong>et</strong></span> <span class='ocrx_word' id='word_1_220' title='bbox 1145 3085 1530 3141; x_wconf 86' lang='lat' dir='ltr'><strong>mercennaria</strong></span> <span class='ocrx_word' id='word_1_221' title='bbox 1573 3086 1772 3152; x_wconf 79' lang='lat' dir='ltr'><strong>vincla,</strong></span> 
     </span>
     <span class='ocr_line' id='line_1_34' title="bbox 447 3170 2186 3244; baseline -0.001 -18"><span class='ocrx_word' id='word_1_222' title='bbox 447 3173 597 3244; x_wconf 89' lang='lat' dir='ltr'><strong>quod</strong></span> <span class='ocrx_word' id='word_1_223' title='bbox 642 3190 753 3226; x_wconf 88' lang='lat' dir='ltr'><strong>non</strong></span> <span class='ocrx_word' id='word_1_224' title='bbox 796 3190 959 3227; x_wconf 83' lang='lat' dir='ltr'><strong>mane</strong></span> <span class='ocrx_word' id='word_1_225' title='bbox 1004 3174 1230 3227; x_wconf 88' lang='lat' dir='ltr'><strong>domum</strong></span> <span class='ocrx_word' id='word_1_226' title='bbox 1273 3173 1538 3239; x_wconf 85' lang='lat' dir='ltr'><strong>venisset,</strong></span> <span class='ocrx_word' id='word_1_227' title='bbox 1586 3171 1832 3244; x_wconf 88' lang='lat' dir='ltr'><strong>denique</strong></span> <span class='ocrx_word' id='word_1_228' title='bbox 1877 3170 2031 3243; x_wconf 89' lang='lat' dir='ltr'><strong>quod</strong></span> <span class='ocrx_word' id='word_1_229' title='bbox 2073 3186 2186 3225; x_wconf 85' lang='lat' dir='ltr'><strong>non</strong></span> 
     </span>
     <span class='ocr_line' id='line_1_35' title="bbox 444 3255 1707 3329; baseline -0.001 -17"><span class='ocrx_word' id='word_1_230' title='bbox 444 3256 785 3329; x_wconf 82' lang='lat' dir='ltr'><strong>providisset</strong></span> <span class='ocrx_word' id='word_1_231' title='bbox 828 3276 974 3314; x_wconf 83' lang='lat' dir='ltr'><strong>eum.</strong></span> <span class='ocrx_word' id='word_1_232' title='bbox 1044 3255 1143 3311; x_wconf 83' lang='lat' dir='ltr'><strong>‘sic</strong></span> <span class='ocrx_word' id='word_1_233' title='bbox 1186 3256 1466 3329; x_wconf 86' lang='lat' dir='ltr'><strong>ignovisse</strong></span> <span class='ocrx_word' id='word_1_234' title='bbox 1509 3264 1707 3329; x_wconf 85' lang='lat' dir='ltr'><strong>putato</strong></span> 
     </span>
    </p>

    <p class='ocr_par' dir='ltr' id='par_1_10' title="bbox 324 3337 2095 3583">
     <span class='ocr_line' id='line_1_36' title="bbox 324 3337 2066 3413; baseline -0.001 -16"><span class='ocrx_word' id='word_1_235' title='bbox 324 3350 398 3400; x_wconf 82' lang='lat'><strong>70</strong></span> <span class='ocrx_word' id='word_1_236' title='bbox 446 3360 535 3397; x_wconf 89' lang='lat' dir='ltr'><strong>me</strong></span> <span class='ocrx_word' id='word_1_237' title='bbox 575 3340 705 3409; x_wconf 82' lang='lat' dir='ltr'><strong>tibi,</strong></span> <span class='ocrx_word' id='word_1_238' title='bbox 754 3342 801 3397; x_wconf 73' lang='lat' dir='ltr'><strong>ui</strong></span> <span class='ocrx_word' id='word_1_239' title='bbox 844 3360 1008 3398; x_wconf 86' lang='lat' dir='ltr'><strong>cenas</strong></span> <span class='ocrx_word' id='word_1_240' title='bbox 1052 3342 1221 3398; x_wconf 88' lang='lat' dir='ltr'><strong>hodie</strong></span> <span class='ocrx_word' id='word_1_241' title='bbox 1267 3344 1519 3397; x_wconf 63' lang='lat' dir='ltr'><strong>mecum!</strong></span> <span class='ocrx_word' id='word_1_242' title='bbox 1565 3340 1643 3397; x_wconf 86' lang='lat' dir='ltr'><strong>‘ut</strong></span> <span class='ocrx_word' id='word_1_243' title='bbox 1686 3342 1865 3398; x_wconf 59' lang='lat' dir='ltr'><strong>libet?</strong></span> <span class='ocrx_word' id='word_1_244' title='bbox 1911 3337 2066 3413; x_wconf 85' lang='lat' dir='ltr'><strong>‘ergo</strong></span> 
     </span>
     <span class='ocr_line' id='line_1_37' title="bbox 441 3422 2054 3500; baseline -0.001 -18"><span class='ocrx_word' id='word_1_245' title='bbox 441 3434 570 3500; x_wconf 82' lang='lat' dir='ltr'><strong>post</strong></span> <span class='ocrx_word' id='word_1_246' title='bbox 611 3445 815 3481; x_wconf 89' lang='lat' dir='ltr'><strong>nonam</strong></span> <span class='ocrx_word' id='word_1_247' title='bbox 858 3428 1081 3483; x_wconf 80' lang='lat' dir='ltr'><strong>venies:</strong></span> <span class='ocrx_word' id='word_1_248' title='bbox 1128 3429 1358 3497; x_wconf 85' lang='lat' dir='ltr'><strong>nunc-i,</strong></span> <span class='ocrx_word' id='word_1_249' title='bbox 1401 3447 1519 3483; x_wconf 89' lang='lat' dir='ltr'><strong>rem</strong></span> <span class='ocrx_word' id='word_1_250' title='bbox 1565 3436 1824 3483; x_wconf 87' lang='lat' dir='ltr'><strong>strenuus</strong></span> <span class='ocrx_word' id='word_1_251' title='bbox 1869 3422 2054 3498; x_wconf 85' lang='lat' dir='ltr'><strong>auge.&#39;</strong></span> 
     </span>
     <span class='ocr_line' id='line_1_38' title="bbox 440 3512 2095 3583; baseline 0 -17"><span class='ocrx_word' id='word_1_252' title='bbox 440 3520 503 3567; x_wconf 87' lang='lat' dir='ltr'><strong>ut</strong></span> <span class='ocrx_word' id='word_1_253' title='bbox 544 3519 773 3569; x_wconf 79' lang='lat' dir='ltr'><strong>ventum</strong></span> <span class='ocrx_word' id='word_1_254' title='bbox 816 3515 889 3568; x_wconf 91' lang='lat' dir='ltr'><strong>ad</strong></span> <span class='ocrx_word' id='word_1_255' title='bbox 932 3530 1124 3570; x_wconf 88' lang='lat' dir='ltr'><strong>cenam</strong></span> <span class='ocrx_word' id='word_1_256' title='bbox 1168 3521 1272 3583; x_wconf 87' lang='lat' dir='ltr'><strong>est,</strong></span> <span class='ocrx_word' id='word_1_257' title='bbox 1320 3512 1559 3571; x_wconf 88' lang='lat' dir='ltr'><strong>dicenda</strong></span> <span class='ocrx_word' id='word_1_258' title='bbox 1599 3514 1836 3572; x_wconf 87' lang='lat' dir='ltr'><strong>tacenda</strong></span> <span class='ocrx_word' id='word_1_259' title='bbox 1877 3512 2095 3569; x_wconf 87' lang='lat' dir='ltr'><strong>locutus</strong></span> 
     </span>
    </p>
   </div>
   <div class='ocr_carea' id='block_1_3' title="bbox 2429 674 2441 1395">
    <p class='ocr_par' dir='ltr' id='par_1_11' title="bbox 2429 674 2441 1395">
     <span class='ocr_line' id='line_1_39' title="bbox 2429 674 2441 1395; baseline 0 0"><span class='ocrx_word' id='word_1_260' title='bbox 2429 674 2441 1395; x_wconf 95' lang='lat' dir='ltr'><strong> </strong></span> 
     </span>
    </p>
   </div>
  </div>
 </body>
</html>
