2459 3959
267 281 354 340 34
1035 283 1454 338 CARMINVM

392 439 580 493 videre
626 456 854 510 magnos
899 437 1006 492 iam
1053 439 1251 493 videor
1295 439 1463 491 duces

396 543 506 579 non
550 524 814 579 indecoro
859 524 1086 596 pulvere
1133 523 1406 590 sordidos,

483 617 540 664 et
586 613 785 664 cuncta
829 617 1102 663 terrarum
1150 611 1381 664 subacta

575 703 799 766 praeter
844 703 1088 749 atrocem
1134 694 1373 748 animum
1422 694 1666 749 Catonis.

277 833 348 880 25
400 825 539 878 Iuno
585 831 642 877 et
690 825 918 877 deorum
964 823 1213 894 quisquis
1260 822 1485 876 amicior

399 910 548 965 Afris
595 908 770 962 inulta
814 916 1054 962 cesserat
1097 909 1354 980 inpotens

486 994 684 1050 tellure
729 994 1001 1048 victorum
1047 1002 1278 1064 nepotes

573 1079 789 1134 rettulit
833 1079 1057 1134 inferias
1102 1079 1429 1150 Iugurthae.

408 1207 531 1282 quis
576 1225 689 1261 non
735 1207 936 1261 Latino
983 1206 1251 1278 sanguine
1294 1205 1557 1279 pinguior

283 1301 358 1350 30
409 1311 630 1365 campus
677 1292 947 1366 sepulcris
994 1292 1144 1365 inpia
1189 1292 1405 1364 proelia

491 1387 731 1434 testatur
778 1378 1138 1450 auditumque
1181 1378 1364 1432 Medis

576 1463 883 1536 Hesperiae
929 1465 1169 1518 sonitum
1211 1464 1442 1517 ruinae?

411 1590 533 1663 [qui
577 1610 779 1664 gurges
826 1601 922 1646 aut
966 1610 1106 1664 quae
1151 1592 1377 1645 fiumina
1422 1592 1671 1663 lugubris

407 1679 600 1750 ignara
643 1677 818 1731 belli?
865 1679 1014 1749 quod
1058 1695 1208 1731 mare
1253 1677 1505 1731 Dauniae

288 1770 360 1818 35
495 1781 610 1818 non
653 1763 1038 1818 decoloravere
1084 1763 1319 1817 caedes?

582 1867 722 1920 quae
771 1857 920 1902 caret
965 1865 1064 1902 ora
1107 1865 1301 1902 cruore
1345 1856 1534 1902 nostro
1554 1845 1607 1914 ‘?]

413 1978 510 2030 sed
555 1995 624 2031 ne
669 1976 891 2044 relictis,
937 1976 1102 2030 Musa
1145 1993 1377 2046 procax‚·
1417 1975 1552 2030 iocis

415 2060 558 2117 Ceae
604 2070 874 2117 retractes
919 2054 1161 2116 munera
1193 2061 1426 2115 neniae:

500 2165 713 2202 mecum
758 2147 1008 2201 Dionaeo
1056 2147 1156 2200 sub
1203 2155 1361 2199 antro

291 2239 368 2294 40
589 2249 794 2306 quaere
838 2234 1030 2288 modos
1075 2231 1283 2286 leviore
1326 2232 1561 2304 plectro,

1231 2516 1291 2569 11

419 2660 625 2716 Nullus
672 2667 903 2730 argento
949 2660 1100 2713 color
1145 2667 1229 2713 est
1274 2658 1455 2712 avaris

421 2745 612 2800 abdito
657 2745 843 2814 terrie,
890 2745 1111 2800 inimice
1158 2746 1370 2799 lamnae

424 2831 618 2902 Crispe
663 2830 914 2898 Sallusti,
963 2830 1072 2884 nisi
1115 2838 1423 2902 temperato

509 2917 792 2988 splendeat
839 2934 961 2969 usu.

344 3051 374 3099 5
424 3043 576 3098 vivet
620 3050 848 3098 extento
893 3043 1216 3097 Proculeius
1264 3061 1419 3110 aem,

423 3137 587 3183 notus
634 3129 689 3182 in
733 3129 931 3182 fratres
978 3128 1142 3182 animi
1189 3130 1439 3202 paterni3

423 3214 583 3268 illum
627 3223 754 3286 aget
797 3215 968 3287 pinna
1011 3224 1296 3270 metuente
1346 3215 1485 3268 solvi

511 3300 683 3353 Fama
732 3309 1033 3371 superstes·

429 3426 593 3481 latius
637 3445 836 3500 regnes
881 3429 1101 3482 avidum
1149 3429 1422 3482 domando

309 3519 380 3567 10
431 3513 700 3584 spiritum,
748 3531 908 3590 quam
955 3513 1001 3569 si
1046 3514 1277 3583 Libyam
1324 3510 1551 3567 remotis
