2459 3959
297 250 383 311 90
1056 251 1473 309 CARMINVM

303 414 376 464 25
426 407 543 464 illio
585 407 671 464 bis
714 406 873 480 pueri
917 406 1008 462 die

507 511 712 549 numen
757 509 880 546 cum
922 491 1131 548 teneris
1177 491 1486 565 virginibus
1531 497 1687 545 tuum

426 580 717 635 laudantes
763 579 906 651 pede
950 579 1188 633 candido

505 665 562 720 in
606 681 816 720 morem
859 663 1069 719 Salium
1113 673 1200 720 ter
1243 663 1499 737 quatient
1541 662 1785 717 humum.

421 855 508 892 me
551 853 655 892 neo
696 835 898 892 femina
941 853 1045 892 nee
1085 854 1225 908 puer

303 929 378 978 80
509 923 634 990 iam,
681 939 784 977 neo
827 939 952 993 spes
997 921 1165 976 animi
1211 921 1435 976 credula
1477 919 1673 987 mutui,

424 1026 528 1063 nee
573 1017 786 1064 certare
830 1007 984 1062 iuvat
1027 1025 1196 1074 mern,

509 1111 615 1149 neo
658 1090 867 1148 vincire
910 1092 1068 1148 novis
1113 1100 1365 1165 tempora
1405 1091 1655 1147 fioribus.

428 1265 525 1318 sed
569 1282 683 1332 eur,
728 1264 859 1333 heu,
905 1264 1195 1337 Ligurine,
1244 1281 1342 1319 cur

505 1358 689 1404 manat
729 1368 852 1410 rara
895 1367 1044 1405 meas
1087 1349 1313 1404 lacrima
1354 1367 1455 1421 per
1495 1347 1713 1421 genas?

299 1439 373 1489 85
425 1451 521 1489 cur
561 1435 798 1489 facunda
840 1453 1034 1507 parum
1080 1437 1283 1490 decoro

502 1520 648 1576 inter
689 1522 862 1575 verba
905 1521 1054 1576 eadit
1098 1521 1289 1593 lingua
1332 1517 1591 1574 silentio?

421 1691 706 1748 nocturnis
751 1709 858 1764 ego
903 1691 1129 1748 somniis

503 1777 614 1833 iam
657 1785 878 1849 captum
919 1786 1105 1845 teneo,
1148 1777 1256 1832 iam
1302 1776 1579 1832 volucrem
1625 1793 1828 1847 sequor

424 1871 483 1920 te
525 1881 626 1936 per
669 1862 920 1934 gramina
961 1862 1152 1916 Martii

297 1955 372 2004 40
504 1949 700 2021 campi,
742 1957 800 2004 te
843 1967 944 2021 per
985 1965 1181 2021 aquas,
1229 1947 1387 2014 dure,
1430 1945 1715 2001 volubilis·

1234 2230 1295 2285 11

418 2375 720 2431 Pindarum
764 2367 1013 2449 quisquis
1057 2377 1247 2432 studet
1291 2373 1573 2443 aemulari,

419 2461 558 2528 Iule,
605 2461 805 2517 ceratis
851 2480 957 2533 ope
998 2462 1283 2517 Daedalea

421 2546 621 2602 nititur
661 2547 866 2618 pinnis,
911 2547 1090 2603 vitreo
1133 2549 1363 2602 daturus

503 2633 730 2688 nomina
771 2640 962 2705 ponto.

341 2813 374 2862 5
422 2812 610 2860 monte
653 2806 951 2860 decurrens
993 2804 1150 2859 velut
1192 2803 1390 2872 amnis,
1435 2804 1638 2860 imbres

423 2909 588 2963 quem
632 2908 795 2962 super
838 2897 997 2948 notas
1041 2890 1228 2944 aluere
1270 2890 1439 2961 ripas,
1621 2879 1627 2884 ⁵

418 2976 598 3031 fervet
640 2975 1032 3048 inmensusque
1073 2974 1186 3030 ruit
1228 2975 1505 3048 profundo

506 3061 782 3116 Pindarus
826 3079 940 3129 ore,

419 3236 610 3290 laurea
651 3235 938 3289 donandus
983 3232 1317 3306 Apollinari,

302 3326 373 3376 10
421 3339 522 3376 seu
566 3338 666 3394 per
709 3320 933 3374 audacis
977 3338 1124 3375 nova
1167 3318 1545 3389 dithyrambos

423 3407 592 3462 verba
634 3405 879 3460 devolvit
921 3403 1275 3476 numerisque
1317 3405 1494 3458 fertur

508 3489 634 3563 lege
677 3488 906 3557 solutis3
