2459 3959
253 283 386 348 188
1003 291 1462 348 SATIRARVM

305 451 379 500 90
429 445 712 502 difficilem
759 454 818 502 et
860 465 1138 502 morosum
1185 446 1435 501 offendes
1480 449 1734 519 garrulus
1778 449 1958 504 ultro:

423 549 538 586 non
581 532 747 588 etiam
792 532 974 587 sileas.
1019 533 1208 588 Davus
1255 531 1329 586 sis
1374 534 1617 588 comicus
1662 545 1828 606 atque

429 623 540 672 stes
586 618 768 690 capite
811 617 1054 690 obstip0,
1101 617 1335 673 multum
1380 618 1573 673 similis
1617 618 1907 674 metuenti.

428 703 697 775 obsequio
742 721 1026 775 grassare3
1071 721 1257 770 mone,
1306 702 1353 756 si
1394 702 1673 760 increbuit
1714 723 1869 771 aura,

433 795 630 843 cautus
674 787 755 842 uti
786 789 936 844 velet
981 805 1166 844 carum
1212 798 1412 860 caput3
1458 792 1690 844 extrahe
1734 791 1900 844 turba

295 878 376 928 95
425 872 697 945 oppositis
743 874 973 941 umeris;
1021 891 1211 928 aurem
1256 874 1573 946 substringe
1618 875 1851 947 loquaci.

421 958 751 1029 inportunus
797 967 942 1013 amat
985 957 1232 1013 laudari:
1281 961 1456 1014 donec
1500 958 1624 1014 ‘ohe
1640 961 1671 1014 1⁹
1715 961 1825 1015 iam

423 1045 496 1096 ad
541 1044 752 1098 caelum
793 1044 1049 1098 manibus
1095 1043 1329 1098 sublatis
1374 1043 1596 1111 dixerit,
1642 1063 1817 1117 urgue
1862 1053 1921 1101 et

423 1137 762 1184 crescentem
808 1129 1035 1184 tumidis
1081 1129 1213 1183 infla
1256 1130 1601 1184 sermonibus
1647 1140 1844 1186 utrem.

429 1230 554 1268 cum
595 1224 652 1270 te
697 1215 924 1270 servitio
968 1215 1136 1285 longo
1181 1231 1421 1285 curaque
1466 1214 1682 1282 levarit,

257 1303 377 1353 100
426 1307 482 1352 et
523 1308 734 1354 certum
778 1300 1013 1372 vigilans
1062 1301 1309 1371 ‘quartae
1352 1308 1471 1354 esto
1517 1301 1689 1372 partis
1732 1291 1943 1356 Vlixes’
2020 1311 2025 1314 '

425 1384 666 1440 audieris
712 1381 940 1440 ‘heres’z
988 1384 1137 1456 ‘ergo
1171 1401 1319 1438 nunc
1362 1387 1539 1440 Dama
1585 1385 1786 1440 sodalis

427 1489 699 1542 nusquam
744 1471 866 1525 est?
911 1472 1058 1526 unde
1105 1469 1237 1524 mihi
1278 1481 1392 1524 tam
1436 1472 1636 1525 fortem
1666 1479 1887 1543 tamque
1920 1473 2137 1526 fidelem
2156 1471 2211 1525 ‘?’

431 1574 631 1628 sparge
675 1557 911 1612 subinde
957 1565 1015 1610 et
1059 1555 1106 1609 si
1149 1556 1395 1628 paullum
1440 1566 1599 1627 potes
1630 1556 1934 1612 inlacrima.
1980 1567 2208 1613 ereest

435 1641 635 1712 gaudia
678 1644 1008 1714 prodentem
1051 1641 1263 1694 voltum
1308 1641 1509 1696 celare.
1558 1643 1871 1714 sepulcrum

259 1731 379 1781 105
428 1727 757 1798 permissum
801 1726 1029 1781 arbitrio
1075 1727 1192 1781 sine
1239 1726 1494 1781 sordibus
1540 1736 1760 1783 extrue.
1802 1727 1967 1782 funus

429 1811 654 1884 egregie
697 1813 904 1867 factum
947 1812 1139 1865 laudet
1183 1811 1401 1866 vicinia.
1448 1811 1619 1885 siquis

429 1898 572 1952 forte
616 1897 946 1952 coheredum
992 1897 1176 1951 senior
1217 1898 1361 1952 male
1403 1899 1621 1966 tussiet‚
1664 1897 1792 1952 huic
1833 1905 1897 1951 tu

433 1981 542 2048 dic,
587 2000 659 2036 ex
701 1990 860 2055 parte
903 1990 996 2036 tua
1040 2001 1140 2037 seu
1182 1983 1341 2036 fundi
1386 1982 1501 2037 sive
1547 1985 1740 2038 domus
1785 1983 1857 2038 sit

435 2075 670 2140 emptor,
716 2069 1050 2140 gaudentem
1094 2085 1319 2122 nummo
1364 2078 1421 2122 te
1466 2069 1743 2122 addicere.
1790 2070 1889 2122 sed
1934 2085 2023 2123 me

263 2158 384 2207 110
433 2152 731 2226 imperiosa
773 2152 946 2207 trahit
988 2152 1363 2224 Proserpina:
1407 2153 1532 2207 vive
1577 2154 1829 2225 valeque.

1202 2495 1289 2550 VI

434 2664 560 2719 Hoc
603 2671 724 2717 erat
766 2661 821 2717 in
869 2664 1046 2718 votis:
1092 2665 1288 2718 modus
1332 2665 1455 2736 agri
1498 2683 1609 2718 non
1656 2665 1735 2720 ita
1776 2683 2027 2737 magnus,

437 2749 628 2802 hortus
673 2749 771 2803 ubi
815 2757 872 2803 et
914 2757 1064 2805 tecto
1111 2749 1319 2804 vicinus
1363 2749 1509 2822 iugis
1554 2769 1731 2824 aquae
1774 2751 1898 2806 fons

435 2843 494 2890 et
535 2834 780 2906 paullum
825 2834 998 2889 silvae
1044 2853 1212 2906 super
1255 2835 1338 2889 his
1381 2837 1549 2891 foret.
1614 2836 1829 2892 auctius
1873 2844 2041 2908 atque

439 2918 496 2972 di
542 2919 738 2974 melius
781 2920 982 2976 fecere.
1029 2921 1170 2975 bene
1217 2928 1321 2975 est.
1367 2920 1445 2974 nil
1490 2922 1726 2993 amplius
1771 2939 1886 2985 oro,

294 3039 308 3047 ι
351 3009 390 3060 5
438 3003 591 3059 Maia
633 3013 781 3073 nate,
827 3004 932 3059 nisi
977 3013 1036 3059 ut
1081 3005 1307 3077 propria
1350 3006 1485 3061 haec
1528 3007 1662 3060 mihi
1708 3025 1937 3062 munera
1974 3005 2139 3061 saxis.

441 3089 489 3144 si
534 3107 716 3161 neque
760 3090 1022 3145 maiorem
1066 3091 1171 3144 feci
1215 3091 1429 3145 ratione
1472 3092 1616 3145 mala
1658 3111 1795 3159 rem,

441 3192 544 3228 nec
588 3193 708 3228 sum
753 3176 995 3229 facturus
1042 3175 1178 3229 vitio
1222 3176 1455 3247 culpave
1500 3177 1787 3242 minorem,

443 3258 488 3312 si
534 3277 770 3314 veneror
815 3262 1018 3314 stultus
1065 3260 1199 3314 nihil
1244 3261 1439 3315 horum
1487 3260 1538 3316 ‘o
1578 3262 1629 3315 si
1675 3263 1909 3334 angulus
1954 3261 2051 3316 ille

439 3344 724 3414 proximus
771 3347 1019 3413 accedat,
1065 3345 1158 3417 qni
1205 3363 1353 3399 nunc
1398 3349 1689 3400 denormat
1733 3348 2001 3418 agellum!
2054 3367 2060 3374 ·

323 3432 396 3481 10
444 3446 478 3482 o
523 3428 578 3482 si.
617 3447 810 3484 urnam
853 3431 1224 3502 argenti.fors
1270 3449 1412 3503 quae
1458 3433 1594 3487 mihi
1638 3440 1923 3500 monstret,
1968 3440 2031 3486 ut
2074 3431 2177 3500 ini,
