2459 3959
240 328 375 401 244
939 332 1501 389 EPISTVLARVM

411 491 621 547 invitus
665 492 833 548 facias
879 509 1061 563 neque
1102 493 1266 563 plura
1309 510 1509 563 parare
1553 492 1792 559 labores,

415 595 481 632 ac
522 577 729 650 potius,
774 596 915 649 puer
958 587 1023 632 ut
1062 576 1221 632 festis
1266 577 1695 650 quinquatribus
1739 577 1889 645 olim,

412 662 618 734 exiguo
663 671 939 735 gratoque
980 662 1180 717 fruaris
1206 664 1478 734 'tempore
1520 663 1744 733 raptim.

245 752 370 805 200
415 747 707 819 pauperies
750 748 1018 802 inmunda
1058 748 1222 801 modo
1268 747 1464 819 procul
1506 748 1680 802 absit:
1725 765 1830 820 ego
1873 754 2060 803 utrum

418 850 561 889 nave
604 834 753 887 ferar
793 850 997 903 magna
1038 849 1109 885 an
1152 828 1344 903 parva,
1390 833 1536 892 ferar
1579 850 1722 887 unus
1767 840 1826 887 et
1865 832 2032 888 idem.

417 936 531 973 non
574 916 792 989 agimur
833 917 1063 971 tumidis
1107 916 1250 971 velis
1295 916 1556 989 aquilone
1601 919 1866 987 secundo,

411 1020 525 1057 non
566 1003 761 1057 tamen
798 1002 1049 1057 adversis
1093 1010 1335 1056 aetatem
1380 1003 1634 1057 ducimus
1676 1002 1895 1069 austris,

410 1087 623 1143 viribus
668 1088 913 1159 ingenie,
958 1087 1145 1160 specie
1190 1087 1419 1157 virtute,
1463 1088 1588 1143 loeo
1630 1106 1694 1143 re

251 1178 366 1231 205
413 1172 651 1229 extremi
693 1173 1017 1245 primorum,
1061 1172 1330 1228 extremis
1373 1192 1554 1246 usque
1597 1173 1834 1246 priores.

414 1276 527 1313 non
574 1276 634 1313 es
680 1276 908 1313 avarus:
954 1259 1065 1314 abi.
1112 1258 1288 1330 quid?
1331 1267 1520 1315 cetera
1561 1257 1672 1313 iam
1717 1258 1882 1315 simul
1923 1257 2035 1313 isto

411 1360 536 1398 cum
580 1343 717 1398 vitio
760 1344 995 1417 fugere?
1038 1352 1193 1400 caret
1235 1344 1340 1399 tibi
1383 1352 1578 1415 pectus
1621 1344 1776 1399 inani

338 1446 347 1453 ·
412 1428 759 1483 ambitione?
802 1438 957 1485 caret
996 1430 1192 1485 mortis
1237 1429 1531 1485 formidine
1575 1437 1634 1483 et
1675 1429 1797 1484 ira?

410 1514 623 1568 somnia
664 1522 905 1570 terrores
950 1514 1213 1586 magicos,
1257 1514 1524 1569 miracula
1567 1530 1748 1588 sagas,

244 1604 366 1655 210
411 1607 713 1655 nocturnos
756 1601 995 1655 lemures
1039 1608 1410 1671 portentaque
1455 1601 1731 1655 Thessala
1771 1598 1964 1655 rides?

412 1685 609 1739 natalis
652 1693 811 1755 grate
854 1684 1152 1740 numeras?
1196 1684 1439 1755 ignoscis
1484 1685 1718 1741 amicis?

406 1769 589 1825 lenior
630 1778 690 1825 et
732 1770 931 1825 melior
972 1771 1038 1824 fis
1082 1771 1386 1825 accedente
1429 1771 1696 1825 senecta?

410 1854 546 1927 quid
588 1862 647 1910 te
692 1863 955 1927 exempta
996 1855 1150 1909 leva-t
1192 1855 1370 1927 spinis
1413 1858 1484 1909 de
1525 1856 1780 1928 pluribus
1824 1853 1976 1909 una?

417 1940 608 1995 vivere
654 1940 701 1995 si
744 1948 896 1995 recte
940 1940 1140 2006 nescis,
1187 1941 1400 1995 decede
1442 1941 1656 2013 peritis.

239 2016 365 2081 '215
413 2025 609 2083 lusisti,
643 2026 795 2092 satis,
841 2026 1009 2081 edisti
1054 2026 1187 2080 satis
1234 2032 1400 2097 atque
1444 2025 1674 2080 bibisti:

405 2118 627 2183 tempus
673 2111 827 2166 abire
868 2110 975 2165 tibi
1022 2119 1123 2177 est,
1172 2128 1244 2165 ne
1288 2118 1481 2181 potum
1525 2110 1736 2182 largius
1780 2127 1958 2183 aequo

406 2196 589 2251 rideat
631 2204 690 2251 et
730 2197 919 2270 pulset
960 2196 1165 2251 lasciva
1197 2188 1496 2251 ‘decentius
1541 2205 1716 2252 aetas.

1180 2478 1274 2533 ΠΙ

360 2622 620 2677 Humano
666 2622 838 2695 capiti
880 2622 1153 2677 cervicem
1196 2622 1378 2695 pictor
1423 2621 1684 2695 equinam

364 2708 595 2779 iungere
638 2708 686 2763 si
729 2708 865 2763 velit
908 2716 965 2762 et
1008 2708 1189 2763 varias
1231 2709 1498 2763 inducere
1541 2709 1760 2780 plumas

366 2793 615 2865 undique
656 2794 889 2848 conlatis
932 2792 1214 2861 membris,
1259 2802 1323 2848 ut
1365 2792 1610 2866 turpiter
1653 2800 1835 2847 atrum

364 2878 582 2934 desinat
622 2878 681 2932 in
722 2879 931 2951 piscem
973 2879 1176 2934 mulier
1215 2881 1460 2934 formosa
1503 2896 1768 2951 superne,

278 2970 310 3021 5
358 2971 666 3035 spectatum
710 2963 934 3018 admissi
977 2964 1150 3019 risum
1191 2964 1432 3019 teneatis
1475 2963 1679 3019 amici?

362 3048 596 3115 credite,
642 3048 897 3113 Pisones,
940 3048 1035 3104 isti
1077 3050 1306 3105 tabulae
1347 3050 1468 3121 fore
1513 3048 1716 3104 librum

357 3134 695 3205 persimilem
740 3134 895 3189 cuius
940 3135 1099 3190 velut
1146 3135 1303 3207 aegri
1347 3134 1562 3189 somnia
1602 3150 1778 3201 yanae

356 3220 638 3291 fingentur
680 3220 915 3291 species,
960 3230 1025 3275 ut
1068 3237 1174 3275 nec
1216 3238 1316 3293 pes
1359 3238 1462 3276 nec
1507 3226 1675 3291 caput
1718 3217 1814 3272 uni

356 3306 624 3359 reddatur
665 3306 893 3359 formae.
936 3306 1244 3377 pictoribus
1289 3312 1458 3377 atque
1503 3304 1684 3376 poetis

236 3394 311 3445 10
360 3389 636 3461 quidlibet
678 3389 924 3445 audendi
969 3408 1193 3463 semper
1232 3391 1342 3446 fuit
1383 3406 1562 3462 aequa
1603 3395 1872 3461 potestas.

358 3474 582 3542 scimus,
626 3482 683 3529 et
726 3476 871 3530 hanc
911 3476 1127 3531 veniam
1172 3476 1526 3549 petimusque
1570 3476 1875 3547 damusque
1903 3472 2177 3544 vicissim3

362 3560 461 3613 sed
504 3577 616 3615 non
660 3566 727 3613 ut
766 3560 1001 3631 placidis
1045 3569 1246 3617 coeant
1284 3557 1524 3627 inmitia,
1570 3578 1681 3616 non
1727 3567 1788 3615 ut
