2459 3959
989 260 1138 358 Lm.
1172 301 1281 357 111.
1329 308 1361 358 3

326 459 462 512 dum
503 457 704 527 longus
745 453 895 510 inter
935 455 1146 511 saeviat
1187 455 1338 510 Ilion

323 544 670 615 Romamque
711 549 937 612 pontus,
983 542 1232 615 qualibet
1278 543 1467 598 exules

414 628 474 682 in
516 633 678 700 parte
718 635 991 698 regnanto
1034 627 1209 695 beati3
1296 673 1305 680 .

193 718 276 770 40
499 714 632 768 dum
673 711 880 768 Priami
921 711 1253 786 Paridisque
1294 713 1459 768 busto

333 858 564 915 insultet
607 866 915 913 armentum
959 867 1018 914 et
1059 860 1273 914 catulos
1316 860 1467 915 ferae

327 946 509 1000 celent
550 943 780 1010 inultae,
825 953 937 1000 stet
980 944 1315 1016 Capitolium

413 1029 636 1101 fulgens
677 1028 1147 1102 triumphatisque
1191 1030 1369 1102 possit

497 1115 677 1170 Roma
718 1116 877 1171 ferox
919 1117 1054 1171 dare
1095 1116 1218 1170 iura
1262 1114 1462 1170 Medis.

194 1273 274 1322 45
325 1265 607 1320 horrenda
645 1263 758 1318 late
799 1281 1002 1319 nomen
1044 1263 1103 1318 in
1147 1263 1370 1318 ultimas

325 1351 594 1406 extendat
637 1367 779 1416 oras,
827 1367 935 1421 qua
977 1349 1192 1403 medius
1235 1349 1419 1422 liquor

415 1433 662 1490 secernit
703 1435 964 1506 Europen
1009 1435 1080 1488 ab
1125 1435 1288 1503 Afro,

497 1538 609 1591 qua
652 1519 898 1576 tumidus
941 1519 1091 1592 rigat
1133 1539 1267 1574 arva
1306 1520 1497 1588 Nilne,

323 1687 520 1724 aurum
564 1666 908 1738 inrepertum
953 1673 1010 1720 et
1054 1665 1136 1720 sic
1176 1665 1374 1720 melius
1420 1664 1607 1734 situm,

189 1762 224 1810 5
237 1758 274 1810 Ο
323 1773 447 1811 cum
491 1762 642 1808 terra
685 1751 848 1819 celat,
894 1769 1158 1824 spernere
1202 1750 1402 1806 fortior

407 1857 574 1913 quam
616 1855 814 1910 eogere
857 1837 1125 1891 humanos
1169 1836 1228 1891 in
1273 1855 1405 1891 usus

495 1941 658 1978 omne
701 1939 918 1978 sacrum
959 1921 1211 1994 rapiente
1259 1924 1477 1976 dextra.

321 2070 637 2143 quicunque
680 2069 886 2122 mundo
931 2067 1198 2124 terminus
1245 2067 1483 2137 obstitit,
1586 2063 1591 2068 ⁸

321 2158 473 2210 hunc
514 2161 710 2226 tangat
751 2153 937 2222 armis,
981 2154 1161 2209 visere
1205 2153 1453 2227 gestiens

195 2249 274 2298 55
412 2259 524 2315 qua
565 2247 724 2312 parte
766 2240 1178 2294 debacchentur
1219 2240 1403 2312 ignes,

494 2343 604 2399 qua
646 2325 884 2380 nebulae
926 2319 1214 2398 pluviique
1255 2343 1433 2381 rores.

321 2475 422 2530 sed
465 2472 746 2529 bellicosis
789 2475 903 2530 fata
947 2472 1257 2539 Quiritibus

313 2562 426 2614 hac
468 2558 594 2631 lege
635 2559 777 2627 dico,
823 2577 896 2613 ne
937 2557 1168 2613 nimium
1214 2557 1295 2632 pii

402 2645 682 2718 rebusque
723 2646 958 2699 fidentes
1003 2643 1184 2698 avitae

190 2735 272 2788 60
493 2738 643 2786 tecta
685 2730 861 2786 velint
903 2747 1162 2802 reparare
1208 2729 1435 2786 Troiae:

317 2874 522 2933 Troiae
561 2892 856 2930 renascens
901 2875 1034 2929 alite
1076 2874 1304 2945 lugubri

311 2963 539 3018 fortuna
580 2960 730 3016 tristi
772 2961 932 3014 clade
973 2959 1284 3030 iterabitur,

400 3048 638 3103 ducente
681 3044 924 3101 victricis
969 3053 1216 3101 catervas

490 3131 728 3205 coniuge
771 3150 860 3187 me
903 3129 1055 3186 Iovis
1101 3139 1158 3186 et
1201 3149 1417 3199 sorore;

186 3291 262 3340 65
315 3288 404 3335 ter
448 3278 498 3334 si
536 3286 798 3352 resurgat
841 3297 1029 3334 murus
1073 3295 1277 3334 aeneus

315 3372 542 3421 auctore
584 3363 838 3432 Phoebe,
884 3371 972 3419 ter
1013 3372 1207 3437 pereat
1249 3363 1385 3420 meis

400 3449 619 3505 excisus
662 3448 912 3522 Argivis,
956 3457 1045 3505 ter
1086 3469 1228 3506 uxor

483 3543 647 3608 capta
689 3534 870 3590 virum
913 3553 1230 3608 puerosque
1275 3533 1499 3608 ploret-⁹

2076 293 2163 356 Μ

2080 548 2155 598 70

2076 1035 2152 1084 75

2068 1518 2153 1572 80

2064 2071 2146 2122 85

2066 2555 2147 2608 90

2062 3047 2137 3096 95

2023 3535 2143 3586 100
