2459 3959
936 315 1170 370 LIBER
1211 315 1293 370 Π.
1346 323 1375 369 7
2008 312 2133 375 193
2162 312 2185 322 ’

307 472 625 528 discedunt.
696 467 944 525 “etenim
987 470 1168 524 fateor
1210 467 1335 524 me”
1378 469 1587 524 dixerit
1626 470 1725 526 ille

309 559 482 614 “duci
523 563 717 612 ventre
759 556 960 623 levem,
1005 573 1199 610 nasum
1243 554 1438 610 nidore
1483 555 1733 629 supinor,

309 644 627 710 inbecillus,
669 642 840 709 iners,
887 641 1072 713 siquid
1115 641 1221 709 vis,
1266 642 1426 710 adde,
1472 643 1700 714 popinO.

183 740 261 789 40
309 739 376 786 tu
420 749 545 786 cum
589 727 663 782 sis
708 728 860 799 quod
903 744 1008 798 ego
1055 734 1112 780 et
1153 727 1406 782 fortassis
1450 728 1708 800 nequior,
1751 730 1900 784 ultro

306 817 586 870 insectere
631 812 786 867 velut
827 813 1044 880 melior,
1090 811 1387 884 verbisque
1432 813 1647 872 decoris

315 901 582 956 obvolvas
627 897 824 953 vitium
839 897 903 950 ?”
947 897 1100 969 quid,
1147 898 1196 951 si
1238 915 1328 952 me
1372 899 1596 954 stultior
1636 900 1761 973 ipso

313 984 635 1058 quingentis
681 990 868 1054 empto
913 982 1185 1036 drachmis
1230 985 1637 1055 deprenderis?
1680 987 1839 1042 aufer

313 1091 404 1126 me
446 1070 604 1124 voltu
646 1077 886 1136 terrere3
933 1086 1156 1122 manum
1201 1071 1658 1142 stomachumque
1700 1081 1910 1141 tenet0‚

181 1169 260 1215 45
313 1159 446 1211 dum
491 1173 633 1228 quae
678 1152 919 1226 Crispini
961 1153 1150 1207 docuit
1192 1171 1282 1208 me
1324 1154 1529 1210 ianitor
1572 1159 1700 1211 edo.

311 1251 370 1297 te
415 1241 659 1296 coniunx
703 1239 886 1294 aliena
929 1237 1095 1311 capit,
1141 1240 1492 1295 meretricula
1534 1243 1788 1297 Davum:

309 1334 504 1400 peccat
545 1334 672 1380 uter
713 1333 962 1379 nostrum
1009 1342 1173 1378 cruce
1218 1325 1481 1396 dignius?
1524 1327 1665 1381 acris
1710 1329 1804 1382 ubi
1848 1349 1935 1384 me

308 1421 505 1467 natura
547 1409 809 1477 intendit,
857 1410 959 1465 sub
1004 1409 1154 1464 clara
1195 1413 1345 1464 nuda
1388 1413 1615 1466 lucerna

309 1513 672 1570 quaecunque
719 1495 940 1566 excepit
981 1496 1257 1566 turgentis
1301 1498 1533 1551 verbera
1577 1499 1802 1566 caudae,

182 1592 260 1640 50
311 1583 568 1638 clunibus
614 1589 710 1636 aut
754 1580 990 1652 agitavit
1031 1598 1237 1652 equum
1279 1582 1490 1636 lasciva
1534 1583 1809 1655 supinum,

309 1668 546 1723 dimittit
585 1685 769 1738 neque
811 1666 1081 1720 famosum
1125 1685 1307 1738 neque
1352 1667 1649 1723 sollicitum
1694 1688 1765 1724 ne

309 1754 482 1810 ditior
524 1761 620 1807 aut
662 1753 871 1806 formae
913 1750 1156 1805 melioris
1200 1752 1371 1806 meiat
1414 1755 1629 1811 eodem.

304 1849 369 1894 tu
413 1857 537 1892 cum
579 1837 840 1910 proiectis
884 1835 1214 1908 insignibus,
1261 1839 1429 1893 anulo
1473 1841 1722 1912 equestri

306 1925 669 1994 Romanoque
713 1922 928 1989 habitu,
973 1921 1164 1992 prodis
1209 1941 1281 1978 ex
1322 1924 1510 1979 iudice
1554 1926 1733 1980 Dama

181 2017 261 2066 55
309 2009 511 2081 turpis,
559 2011 852 2062 odoratum
895 2015 1062 2078 caput
1107 2009 1438 2064 obscurante
1481 2010 1720 2078 lacerna,

306 2113 420 2150 non
465 2113 524 2149 es
569 2095 721 2166 quod
764 2091 1027 2146 simulas?
1072 2101 1327 2149 metuens
1370 2094 1645 2150 induceris
1692 2105 1859 2169 atque

305 2181 610 2235 altercante
653 2177 976 2232 libidinibus
1018 2177 1209 2233 tremis
1254 2198 1381 2234 ossa.
1421 2200 1652 2252 pavore.

307 2265 444 2338 quid
485 2265 676 2332 refert,
723 2263 810 2318 uri
851 2262 1024 2334 virgis
1068 2264 1327 2336 ferroque
1370 2267 1559 2320 necari

307 2357 624 2405 auctoratus
671 2367 786 2416 eas,
833 2367 902 2402 an
946 2348 1098 2420 turpi
1143 2349 1362 2405 clausus
1407 2351 1463 2406 in
1508 2369 1653 2422 arca,

182 2444 256 2492 60
307 2455 419 2508 quo
463 2443 520 2490 te
565 2434 789 2488 demisit
829 2433 1044 2506 peccati
1088 2436 1309 2490 conseia
1352 2437 1521 2503 erilis,

301 2528 643 2576 contractum
687 2519 920 2592 genibus
964 2527 1159 2590 tangas
1203 2522 1415 2594 caput?
1462 2531 1619 2578 estne
1662 2524 1860 2581 marito

300 2615 585 2661 matronae
628 2605 910 2677 peccantis
955 2605 1014 2658 in
1059 2606 1220 2660 ambo
1264 2607 1413 2662 iusta
1454 2610 1741 2680 potestas?

303 2692 365 2746 in
410 2699 788 2762 corruptorem
829 2690 921 2744 vel
963 2689 1176 2745 iustior.
1220 2690 1321 2746 illa
1362 2701 1551 2748 tamen
1594 2711 1654 2748 se

297 2796 414 2832 non
456 2775 648 2830 habitu
689 2783 935 2830 mutatve
978 2775 1100 2829 loco
1147 2776 1454 2847 †peccatve
1483 2798 1745 2852 superne,

178 2871 252 2920 65
303 2881 427 2917 cum
472 2870 528 2916 te
572 2861 830 2916 formidet
872 2860 1072 2915 mulier
1115 2879 1299 2934 neque
1342 2867 1532 2919 credat
1574 2866 1797 2920 amanti.

301 2948 409 3003 ibis
454 2949 558 3002 sub
598 2949 808 3002 furcam
851 2948 1114 3019 prudens,
1162 2949 1501 3021 dominoque
1542 2950 1747 3005 furenti

302 3032 594 3088 conmittes
659 3051 778 3088 rem
850 3049 1072 3087 omnem
1127 3039 1185 3087 et
1243 3034 1414 3090 vitam
1488 3042 1546 3090 et
1606 3054 1730 3091 cum
1797 3053 2025 3108 corpore

1724 3121 1943 3176 famam.

303 3203 498 3259 evasti.
547 3205 731 3272 credo,
775 3209 986 3256 metues
1031 3203 1341 3278 doctusque
1384 3205 1635 3261 cavebis:

301 3307 558 3362 quaeres,
603 3290 827 3360 quando
869 3287 1071 3342 iterum
1113 3309 1320 3362 paveas
1364 3290 1675 3362 iterumque
1718 3293 1901 3366 perire

177 3380 250 3430 ⁷0
297 3375 496 3447 possis,
543 3392 576 3428 o
619 3374 827 3428 totiens
875 3391 1086 3430 servus.
1133 3395 1276 3448 quae
1318 3377 1483 3432 belua
1514 3379 1722 3449 ruptis,

297 3480 422 3516 cum
467 3459 641 3516 semel
685 3458 896 3532 effugit,
940 3459 1128 3515 reddit
1170 3481 1230 3518 se
1272 3480 1449 3535 prava
1490 3463 1697 3520 catenis
1715 3464 1741 3517 ⁴?

253 3564 453 3605 Horatius
1625 3543 1703 3604 13
