2459 3959
949 299 1182 355 LIBER
1225 299 1303 354 11.
1354 307 1385 354 3
1874 265 1879 274 ’
2016 251 2141 357 itt

353 455 600 527 'incipias
647 472 902 508 servosve
947 464 1046 508 tuo
1089 472 1228 526 quos
1276 471 1401 507 aere
1446 453 1677 526 pararis,

199 546 320 597 180
368 542 623 596 insanum
667 551 724 593 te
769 557 958 593 omnes
1002 540 1160 610 pueri
1207 539 1555 610 clamentque
1598 537 1844 611 puellae:

370 643 495 680 cum
539 626 739 697 laqueo
781 641 1010 678 uxorem
1056 623 1326 679 interimis
1370 634 1711 696 matremque
1755 642 1989 690 venenO,

362 710 629 765 incolumi
659 711 839 782 capite
865 709 962 764 es?
994 709 1129 781 quid
1161 709 1346 764 enim?
1376 727 1555 780 neque
1576 721 1639 763 tu
1667 712 1770 764 hoc
1794 709 1928 764 facis
1954 709 2140 782 Argis,

373 814 479 850 nec
519 797 667 850 ferro
712 805 775 849 ut
818 796 1042 849 demens
1087 795 1425 866 genetricem
1468 795 1673 849 occidis
1719 795 1965 851 Orestes.

367 899 438 936 an
483 888 545 934 tu
589 881 730 936 reris
774 899 900 935 eum
947 881 1126 935 occisa
1168 880 1437 934 insanisse
1481 893 1729 950 parente,

200 975 322 1024 135
372 966 437 1021 a'c
481 985 592 1020 non
638 977 768 1020 ante
812 966 971 1021 malis
1018 967 1327 1020 dementem
1374 976 1554 1019 actum
1597 966 1782 1021 Furiis
1827 984 1991 1039 quam

363 1052 422 1106 in
467 1050 654 1106 matris
697 1051 887 1121 iugulo
930 1052 1134 1105 ferrum
1177 1051 1438 1124 tepefecit
1481 1051 1737 1106 acutum?

363 1137 529 1210 quin,
595 1155 666 1190 ex
713 1153 823 1207 quo
869 1148 952 1191 est
995 1136 1214 1190 habitus
1262 1138 1401 1190 male
1446 1147 1599 1191 tutae
1647 1135 1842 1192 mentis
1889 1136 2138 1207 Orestes,

366 1223 446 1276 nil
489 1241 624 1277 sane
666 1221 818 1288 fecit,
864 1223 1016 1294 quod
1058 1230 1121 1274 tu
1164 1223 1499 1294 reprendere
1543 1223 1747 1294 possis:

369 1327 481 1362 non
527 1307 778 1378 Pyladen
820 1306 968 1362 ferro
1015 1307 1222 1361 violare
1270 1325 1505 1361 aususve
1550 1325 1797 1362 sororem
1843 1317 1927 1364 est

200 1401 322 1450 140
369 1395 672 1459 Electram,
718 1401 932 1446 tantum
977 1392 1120 1472 made
1161 1393 1299 1447 dicit
1341 1393 1561 1464 utrique
1608 1396 1852 1448 vocando

369 1481 512 1532 hanc
557 1477 800 1544 Furiam,
846 1478 993 1532 hunc
1036 1477 1212 1545 aliud,
1258 1479 1418 1532 iussit
1462 1479 1613 1549 quod
1659 1479 1952 1550 splendida
1994 1478 2143 1534 bilis.

373 1557 585 1635 pauper
630 1561 884 1633 Opimius
929 1563 1148 1634 argenti
1190 1564 1360 1634 positi
1403 1564 1553 1617 intus
1598 1573 1657 1618 et
1700 1563 1841 1632 auri,

375 1649 470 1720 qui
514 1647 890 1702 Veientanum
932 1648 1088 1702 festis
1132 1658 1329 1720 potare
1373 1649 1569 1704 diebus

377 1734 655 1805 Campana
699 1733 895 1787 solitus
941 1735 1108 1786 trulla
1153 1753 1497 1806 vappamque
1541 1733 1824 1805 profestis,

209 1825 330 1878 145
383 1821 661 1891 quondam
709 1819 963 1890 lethargo
1006 1819 1206 1890 grandi
1250 1829 1334 1872 est
1380 1837 1695 1890 oppressus,
1742 1831 1801 1874 ut
1846 1819 2005 1874 heres

389 1906 498 1958 iam
543 1905 720 1960 circus
765 1903 980 1958 loculos
1025 1913 1082 1958 et
1124 1905 1295 1957 clavis
1340 1905 1520 1958 laetus
1567 1922 1849 1975 ovansque

382 1999 644 2045 curreret.
734 1988 884 2043 hunc
925 1990 1170 2043 medicus
1214 1988 1448 2044 multum
1494 1990 1637 2044 celer
1679 2001 1846 2062 atque
1889 1989 2067 2045 fidelis

388 2075 598 2130 excitat
641 2075 746 2128 hoc
789 2081 984 2144 pacto:
1031 2092 1275 2130 mensam
1319 2075 1451 2146 poni
1493 2075 1649 2128 iub'et
1692 2083 1859 2145 atque

385 2159 594 2215 effundi
639 2177 826 2213 saccos
870 2177 1232 2225 nummorum,
1280 2161 1545 2215 accedere
1587 2159 1761 2232 pluris

217 2251 340 2303 150
387 2249 455 2300 ad
501 2245 929 2299 numerandum:
985 2245 1264 2300 hominem
1308 2245 1387 2300 sic
1431 2245 1612 2316 erigit.
1680 2244 1835 2298 addit
1877 2252 1933 2298 et
1974 2243 2112 2298 illud

389 2331 464 2385 ‘ni
509 2343 607 2384 tua
650 2329 918 2396 custodis,
966 2329 1160 2384 avidus
1203 2331 1314 2384 iam
1358 2331 1493 2384 haec
1538 2331 1748 2384 auferet
1791 2331 1987 2384 heres.’

389 2417 534 2471 ‘men
562 2415 750 2469 vivo?
779 2411 864 2468 ‘nt
893 2414 1044 2470 vivas
1074 2414 1264 2486 igitur,
1296 2416 1481 2487 vigila.
1513 2417 1615 2470 hoc
1644 2415 1781 2487 age.’
1827 2415 1977 2488 ‘quid
2006 2415 2088 2470 vis
2106 2406 2154 2469 ?'

390 2500 668 2556 ‘deficient
709 2501 932 2570 inopem
975 2518 1146 2565 venae
1190 2509 1266 2566 te,
1311 2500 1369 2553 ni
1416 2500 1569 2555 cibus
1614 2509 1780 2573 atque

387 2587 586 2660 ingens
629 2585 845 2640 accedit
889 2586 1166 2640 stomacho
1207 2586 1417 2640 fultura
1459 2587 1660 2641 ruenti.

219 2682 337 2729 155
387 2685 450 2726 tu
494 2671 718 2726 cessas?
763 2672 1026 2742 agedum,
1074 2688 1228 2724 sume
1272 2672 1378 2725 hoc
1419 2671 1782 2744 ptisanarium
1826 2673 2066 2742 oryzae.’

379 2756 592 2830 ‘quanti
608 2755 884 2829 emptae?
907 2754 1131 2827 ‘parvm'
1155 2755 1367 2828 ‘quanti
1383 2774 1515 2829 ergo
1526 2757 1571 2810 Ψ
1595 2757 1961 2812 ‘octussibus.’
1980 2757 2157 2811 ‘eheu-

385 2843 522 2916 quid
564 2845 754 2908 refert,
800 2843 994 2896 morbo
1039 2857 1107 2893 an
1151 2841 1315 2895 furtis
1358 2859 1653 2912 per-eamve
1698 2842 1906 2913 rapinis
1920 2841 1965 2895 ?’
2008 2869 2092 2878 --

382 2927 653 3000 ‘quisnam
683 2927 856 3000 igitur
885 2945 1049 2981 sanus
1065 2911 1114 2977 ’θ’
1156 2926 1252 2998 qui
1288 2945 1399 2980 non
1430 2927 1652 2984 stultus,
1702 2926 1855 2998 ‘quid
1899 2945 2096 2984 avarus
2110 2927 2155 2981 *Ρ

388 3015 590 3070 stultus
635 3021 694 3068 et
734 3013 981 3067 insanus.
1031 3010 1200 3082 ‘quid‚
1248 3011 1421 3084 siquis
1465 3029 1576 3065 non
1623 3011 1696 3066 sit
1740 3031 1957 3079 avaruS,

214 3105 334 3157 160
391 3099 655 3154 continuo
700 3116 865 3152 sanus
886 3098 930 3151 Τ
975 3095 1220 3152 minime.
1313 3104 1444 3165 'cur‚
1490 3097 1721 3152 stoice?
1768 3098 1966 3154 dicam.

384 3203 498 3239 non
543 3193 628 3240 est
673 3182 958 3240 cardiacus
1002 3211 1085 3220 —
1132 3182 1421 3237 Craterum
1467 3181 1675 3237 dixisse
1718 3193 1912 3254 putato
1961 3214 2039 3225 —

385 3270 478 3324 hic
521 3287 717 3340 aeger:
761 3279 918 3324 recte
961 3277 1046 3322 est
1087 3265 1259 3337 igitur
1302 3266 1642 3340 surgetque?
1685 3269 1915 3340 negabit

384 3353 560 3427 [quod
603 3355 752 3410 latus
795 3364 897 3409 aut
936 3371 1097 3408 renes
1143 3353 1335 3406 morbo
1379 3361 1721 3426 temptantur
1764 3352 1975 3420 acuto]-

382 3459 495 3495 non
539 3449 625 3496 est
665 3439 923 3513 periurus
967 3455 1148 3509 neque
1193 3437 1476 3505 sordidus3
1523 3438 1752 3493 inmolet
1798 3442 1987 3512 aequis

298 3535 496 3581 Horatius
1671 3517 1745 3576 12
