2459 3959
219 323 326 369 XII

218 480 374 521 seres
433 456 584 520 ‘duo
648 454 996 519 Blandinii’
1057 454 1224 518 HM.
1281 454 1512 537 Pauly.
1558 456 1777 519 inseris
1836 453 2173 535 Cruquius

221 540 305 605 B.
353 541 510 605 Ritt.
570 574 658 589 —-·
719 540 1003 607 CARM.
1049 537 1138 603 ΙΙ.
1186 540 1271 606 ef.
1318 538 1851 604 WFWiedasch.
1900 552 2175 623 quaestt.

223 626 513 692 chronol.
574 638 738 711 part.
785 626 839 690 Ι.
883 624 1220 691 Nordhus.
1272 626 1435 688 1847
1467 628 1496 707 ΙΙ
1528 625 1858 711 stropham
1916 626 2175 689 tertiam

222 711 364 775 iure
423 714 650 775 merito
705 710 787 775 ab
826 711 1105 776 Horatio
1149 708 1688 775 abiudicaverunt
1729 711 2177 774 Buttmannus

223 795 542 881 (Mythol.
575 795 839 876 II.364)
886 797 1014 861 ΡΜ
1060 796 1144 860 ef.
1191 794 1578 879 Bernhardy
1620 797 1684 861 in
1730 795 1909 861 Berl.
1940 793 2173 861 Jahrb.

221 882 268 945 f.
313 883 488 948 wiss.
532 881 760 946 Kritik
807 885 990 951 1835.
1036 880 1086 944 I.
1133 904 1195 965 p.
1243 884 1387 946 748.
1450 882 1601 946 hist.
1653 883 1772 946 litt.
1816 903 1978 947 rom.
2024 882 2175 944 adn.

221 968 345 1033 451
398 971 582 1051 ext.)‚
629 990 760 1051 qua
801 991 872 1032 re
918 982 1170 1031 tantum
1219 966 1399 1030 abest
1441 980 1515 1030 ut
1560 968 1865 1032 carminis
1913 988 2177 1051 compo-

223 1052 375 1121 sitio
443 1053 778 1132 turbetur,
843 1066 916 1117 ut
959 1073 1136 1115 nune
1179 1050 1440 1117 demum
1484 1076 1635 1117 vere
1676 1051 1968 1139 intellegi
2012 1074 2173 1137 pos-

221 1138 310 1199 sit
343 1140 366 1215 1Ι
399 1140 438 1203 2
483 1144 734 1203 rubente
776 1139 834 1203 B
881 1138 991 1211 (ad
1035 1139 1089 1203 Ι.
1136 1138 1239 1202 25.
1292 1141 1387 1201 17.
1448 1140 1530 1203 cf.
1592 1138 1673 1202 ad
1736 1138 1805 1203 S.
1864 1137 1913 1202 Ι.
1960 1141 2017 1201 9.
2064 1138 2173 1213 68)

223 1220 373 1287 ΗΜ
419 1222 618 1309 (apud
654 1223 825 1288 hunc
855 1223 910 1287 I.
944 1224 1052 1289 25.
1085 1226 1162 1287 17
1207 1222 1445 1301 virenti,
1492 1225 1669 1309 apud
1711 1223 1893 1288 illum
1939 1221 2026 1289 II.
2075 1226 2174 1287 16.

229 1310 263 1374 1
302 1312 552 1395 patenti
594 1322 659 1373 et
701 1310 782 1375 E.
832 1311 891 1375 5.
937 1312 1016 1373 11
1078 1310 1357 1375 trementi
1415 1309 1793 1395 typothetae
1850 1307 2010 1373 vitio
2071 1330 2174 1371 re-

221 1396 545 1459 mansisse
587 1394 920 1477 videntur)
967 1396 996 1475 ΙΙ
1045 1393 1122 1461 17
1167 1393 1430 1457 nimium
1494 1398 1804 1480 querenti:
1859 1394 1937 1459 of.
2002 1393 2174 1457 Enn.

225 1501 375 1543 ann.
403 1481 507 1551 ,55
553 1482 654 1546 ed.
679 1480 954 1544 Vahlen.
1003 1478 1300 1559 Quaestt.
1336 1478 1504 1543 Enn.
1538 1502 1603 1564 p.
1626 1498 1856 1545 XXVIII
1886 1480 1911 1563 ΙΙ
1942 1480 2026 1545 34
2057 1482 2179 1543 cir-

224 1589 364 1629 cum
385 1567 584 1631 volat:
634 1568 717 1632 cf.
755 1566 839 1629 ad
875 1564 944 1629 S.
969 1564 1023 1629 I.
1041 1568 1101 1629 2.
1121 1570 1202 1632 62
1234 1566 1261 1645 ΙΙ
1292 1588 1393 1627 vv.
1426 1567 1679 1630 37-40
1710 1566 1949 1630 iniuria
1991 1565 2177 1627 dam-

221 1653 403 1715 navit
434 1650 859 1717 CSchwenek
891 1651 956 1715 in
992 1650 1204 1714 Iahnii
1242 1673 1385 1713 ann.
1423 1651 1583 1732 phil.
1606 1670 1767 1716 Lxx.
1792 1654 1872 1715 81
1908 1652 1934 1735 ΙΙ
1964 1650 2047 1713 39
2094 1650 2177 1714 de

221 1760 442 1803 mauro
484 1740 688 1823 pedite
730 1736 1031 1821 exposuit
1072 1734 1170 1799 M.
1213 1737 1280 1799 in
1326 1738 1528 1819 praef.
1576 1737 1658 1800 ad
1697 1735 1749 1800 Ι.
1782 1739 1824 1799 4
1862 1758 1925 1821 p.
1949 1755 2046 1801 IV.
2090 1770 2177 1781 --

222 1820 511 1887 CARM.
547 1822 674 1887 ΙΙΙ.
721 1825 762 1886 6
795 1842 923 1901 quo
966 1822 1160 1885 modo
1205 1820 1737 1907 distinguendum
1774 1823 1856 1885 sit
1895 1820 2181 1885 ostendit

221 1906 301 1972 B.
357 1911 730 1987 Quintilium
775 1907 830 1970 F
833 1906 1100 1971 rankius
1145 1908 1210 1969 in
1255 1907 1403 1970 fast.
1447 1905 1612 1970 Hor.
1655 1930 1718 1993 p.
1764 1913 1848 1973 66
1894 1907 2045 1970 adn.
2092 1908 2175 1974 20

226 1994 396 2057 conl.
439 1995 496 2060 Ι.
532 1995 632 2059 24.
685 1998 782 2058 11.
813 2016 871 2055 v.
895 1990 1170 2056 Lachm.
1207 1992 1275 2055 in
1293 1991 1475 2077 Allg.
1507 1990 1641 2055 Lit.
1672 1991 1831 2055 Zeit.
1867 1994 2054 2057 1836.
2086 1992 2177 2056 ΙΙ.

221 2100 285 2163 p.
307 2081 433 2146 259
467 2083 491 2161 ΙΙ
521 2104 629 2145 vv.
657 2079 908 2169 17-20
931 2077 1255 2141 eiecerunt
1284 2076 1342 2141 P
1364 2077 1457 2142 M.
1489 2077 1567 2141 ef.
1597 2076 1920 2141 ELTrom
1970 2075 2174 2140 heller

224 2164 501 2251 Beitrag
533 2191 589 2229 z.
623 2164 1044 2247 Wfirdigung
1088 2163 1152 2225 d.
1190 2162 1408 2226 horaz.
1442 2161 1862 2227 Dichtweise.
1908 2100 2179 2245 goburg

229 2250 417 2314 1855.
480 2274 543 2334 p.
601 2251 700 2331 71}
735 2252 812 2313 19
875 2250 1191 2313 turbidum
1244 2270 1326 2312 ex
1391 2246 1755 2311 Blandiniis
1816 2246 2174 2331 BHMPly.

227 2338 546 2416 tumidum
587 2359 676 2421 vg
707 2336 733 2415 ΙΙ
765 2336 845 2398 23
889 2336 1095 2419 inpiae
1135 2346 1328 2398 rates:
1393 2334 1472 2397 ef.
1522 2334 1793 2397 Lachm.
1840 2334 1920 2397 ad
1968 2334 2172 2398 Luer.

227 2442 292 2502 p.
320 2424 446 2486 325
477 2423 505 2503 ΙΙ
537 2424 618 2487 36
650 2419 928 2507 perrupit
965 2420 1358 2484 Acheronta:
1402 2418 1677 2483 Lachm.
1704 2414 1885 2505 ib.'p.
1918 2422 2001 2483 76
2046 2434 2174 2483 ext.

222 2506 542 2590 ‘plerique
601 2521 830 2589 poetae
895 2526 1026 2567 non
1083 2506 1208 2568 nisi
1268 2506 1337 2567 in
1399 2503 1691 2588 legitima
1744 2527 2017 2569 caesura
2068 2504 2172 2567 vel

227 2608 376 2656 ante
419 2592 738 2657 voeabula
783 2588 1036 2656 Graeca
1081 2589 1309 2653 breves
1360 2588 1584 2654 finales
1627 2591 2076 2676 produxerunt
2106 2636 2123 2652 .
2158 2637 2175 2653 .

224 2674 544 2741 Horatius
574 2676 801 2741 iisdem
827 2675 1315 2740 condicionibus
1344 2675 1526 2738 nulla
1545 2676 1674 2740 nisi
1716 2676 1783 2739 in
1828 2690 1852 2740 t
1894 2676 2177 2741 litteram

223 2764 550 2828 exeuntia.
595 2762 845 2826 aceedit
883 2762 1059 2842 quod
1103 2761 1208 2824 hie
1250 2760 1318 2823 in
1364 2761 1679 2845 epistulis,
1724 2761 1881 2827 item
1924 2763 1991 2825 in
2036 2774 2176 2825 arte

224 2849 485 2995 poetica
543 2862 607 2912 et
667 2848 735 2911 in
791 2859 1025 2927 quarto
1090 2846 1449 2909 carminum
1494 2845 1662 2910 libro
1706 2870 1962 2911 omnem
2005 2846 2175 2910 hane

253 2932 550 2997 icentiam
597 2929 854 2996 omisit.’
896 2955 956 2995 v.
999 2930 1055 2995 I.
1105 2934 1204 2995 13.
1252 2936 1313 2995 6.
1355 2928 1443 2995 II.
1489 2934 1549 2995 6.
1598 2933 1702 2996 14.
1747 2930 1873 2995 ΙΙΙ.
1921 2934 2018 2996 16.
2052 2934 2171 3006 263

225 3018 333 3083 24.
369 3022 426 3083 5.
478 3018 547 3082 S.
578 3018 629 3083 Ι.
661 3021 720 3081 4.
755 3018 874 3094 82;
922 3024 980 3083 5.
1004 3019 1103 3081 90.
1148 3016 1237 3080 ΙΙ.
1274 3020 1328 3080 1.
1359 3016 1476 3092 82;
1523 3020 1718 3093 2.47;
1766 3017 1825 3081 3.
1861 3018 2000 3081 187.
2024 3018 2174 3081 260.

227 3104 313 3166 cf.
360 3104 443 3167 ad
489 3103 563 3168 C.
607 3102 696 3166 II.
743 3104 844 3167 14.
896 3104 993 3166 16.
1060 3100 1184 3166 ῙΠ.
1234 3109 1294 3168 5.
1344 3106 1445 3166 17.
1506 3100 1579 3167 S.
1610 3100 1664 3165 Ι.
1698 3106 1757 3165 7.
1783 3107 1840 3166 7.
1883 3100 1976 3167 Π.
2018 3102 2081 3167 3.
2118 3106 2174 3165 1.

227 3188 324 3253 Μ.
367 3190 564 3276 praef.
613 3210 674 3273 p.
711 3206 907 3252 xxlx.
953 3187 1080 3251 alia
1121 3188 1291 3253 ratio
1334 3200 1432 3249 est
1474 3186 1545 3249 in
1590 3183 1661 3251 S.
1706 3186 1762 3252 Ι.
1808 3190 1869 3253 9.
1915 3190 1995 3252 21
2028 3188 2058 3271 ΙΙ
2088 3188 2174 3251 37

225 3276 351 3338 nil:
413 3277 493 3338 ef.
539 3272 810 3338 Lachm.
858 3274 940 3336 ad
999 3273 1196 3336 Lucr.
1239 3293 1305 3354 p.
1350 3272 1711 3353 2711ονᾱαί
1752 3286 1837 3337 est
1890 3286 2039 3336 ante
2080 3272 2175 3338 H.

225 3362 308 3425 cf.
355 3360 438 3423 ad
483 3359 598 3423 IV.
647 3361 700 3422 3.
739 3360 836 3422 21.
879 3396 966 3406 -
1009 3356 1292 3423 CARM.
1339 3355 1457 3419 IV.
1506 3361 1544 3421 5
1601 3357 1955 3444 Gytheo-eam
1984 3358 2173 3422 Vene-

219 3468 358 3509 rem
403 3470 441 3507 a
485 3446 756 3509 Bentleii
806 3457 870 3508 et
916 3443 1277 3507 Perloamni
1324 3442 1836 3508 dubitationibus
1880 3442 2176 3506 vindica-

225 3531 324 3596 vit
357 3532 450 3598 M.
481 3531 680 3619 praef.
714 3554 776 3617 p.
806 3528 934 3595 III.
965 3550 1058 3609 sq.
1086 3530 1114 3609 ΙΙ
1151 3530 1230 3591 12
1260 3552 1425 3613 aqna
1468 3539 1535 3593 et
1578 3530 1769 3595 haedo
1812 3526 2042 3595 BHM.
2086 3526 2177 3592 ef.
