2459 3959
1984 346 2129 399 xxr'

150 480 304 556 alia,
359 502 526 565 quae
570 482 648 545 de
687 481 809 545 hac
839 480 1103 564 stropha
1125 478 1639 564 interpolationis
1666 479 2103 565 suspicionem

151 574 442 630 movent.
491 579 554 631 tu
599 589 674 631 uc
716 568 844 631 iam
889 565 1154 630 offendit
1180 562 1818 650 'Bezzenbergerum,
1876 570 1985 650 qui
2025 568 2100 632 in

155 652 509 715 emendatt.
604 652 809 715 electu
856 651 1113 730 (Dresd.
1152 653 1340 727 1844)
1386 670 1447 732 p.
1478 652 1558 716 23
1605 652 1769 716 coni.
1805 662 1927 717 tute
1956 652 1981 737 ΙΙ
2017 655 2128 720 13.

150 736 532 823 Licymniae
575 737 829 801 nomine
861 740 1196 801 Terentiam
1219 735 1618 799 Maecenatis
1650 758 1931 801 uxorem·
1964 740 2123 825 sig-‘-

147 822 412 886 nificari·
444 821 938 887 scholiastarum
964 836 1253 886 veterum
1284 834 1715 885 comment-um
1748 834 1847 885 est
1872 824 2125 888 eodem*

148 906 296 971 iure
359 908 834 993 excogitatum,
897 930 1028 991 quo
1071 907 1136 969 in
1181 906 1262 971 E.
1308 908 1369 970 3.
1416 909 1498 971 20
1540 905 1909 985 Terentiam
1954 932 2093 973 esse

147 993 392 1057 volunt
451 996 714 1058 iocosam
769 993 947 1057 illam
1001 993 1275 1077 puellam
1332 992 1529 1055 alium
1572 992 2093 1059 reformidantem

147 1076 570 1161 (quanquam
591 1077 693 1141 vel
715 1079 840 1145 hoc
871 1079 1036 1142 serio
1065 1078 1363 1163 repetivit
1384 1076 1567 1156 Ritt.)
1614 1093 1724 1141 aut
1772 1079 1892 1143 sub
1928 1081 2097 1145 Vinii

145 1164 434 1228 adulteri
479 1164 733 1228 nomine
759 1164 853 1244 (S.
878 1165 930 1228 Ι.
959 1166 1013 1227 2.
1033 1166 1137 1241 64)
1169 1164 1448 1227 Annium
1465 1162 1749 1227 Faustae
1793 1166 2095 1230 maritum

143 1248 554 1329 delitescere.
623 1260 689 1313 at
750 1251 980 1314 mirum
1043 1263 1138 1313 est
1183 1272 1377 1333 quam
1423 1249 1639 1313 multis
1682 1264 1905 1315 nostro
1946 1251 2117 1317 loco·

140 1334 336 1419 aegri
358 1334 474 1398 illa
497 1335 745 1399 somnia
765 1337 1187 1421 inposuerint‚
1236 1332 1623 1417 quibuscum
1669 1357 1877 1418 neque
1922 1359 2089 1420 quae

143 1420 452 1503 proxime
516 1436 820 1486 secuntur
876 1421 957 1483 de
1002 1435 1196 1484 cantu
1246 1420 1582 1482 saltatione
1627 1420 1813 1495 5000,
1876 1444 2088 1508 neque

142 1506 461 1570 universa
507 1506 811 1570 carminis
857 1505 1174 1570 sententia
1215 1503 1535 1589 probabili
1580 1504 1799 1589 aliqua
1840 1508 2089 1573 ratione

143 1590 485 1671 conciliari
506 1606 798 1676 possunt.
845 1592 1095 1676 decepit
1137 1590 1514 1675 interpretes
1544 1588 1735 1654 docta
1756 1591 2087 1657 adnotatio

144 1676 226 1739 de
275 1676 422 1763 pari
468 1675 859 1759 syllabarum
891 1698 1156 1741 numero
1180 1675 1459 1740 indoctis
1504 1675 1774 1739 admista
1806 1679 1829 1759 ΙΙ
1865 1678 1941 1745 15
1959 1678 2093 1745 h.l.

141 1760 311 1826 Ritt.
356 1784 579 1825 verum
623 1763 785 1826 vidit
849 1762 1249 1847 iungendum
1305 1782 1443 1824 esse
1488 1764 1629 1826 benc
1650 1764 1890 1847 fidum,
1924 1787 2088 1829 ‚non

143 1849 296 1912 bene
342 1850 573 1911 mutuis
611 1860 683 1911 ut
713 1847 909 1931 vulgo
954 1847 1316 1913 voluerunt.
1364 1848 1450 1911 cf.
1494 1848 1653 1911 male
1738 1850 1858 1911 dus
1890 1848 2083 1914 Ovid.

143 1932 355 1997 Trist.
385 1929 436 1995 I.
467 1934 526 1995 6.
557 1935 632 1998 13
663 1935 688 2016 ΙΙ
720 1936 802 1999 28
847 1946 1098 2019 occupat
1126 1931 1349 1995 BHM.
1366 1944 1606 2019 occupet
1708 1931 1955 2017 rq.Ply.
2000 1970 2084 1981 --

146 2016 440 2083 CARM.
470 2016 668 2083 XIII.
716 2023 768 2084 1.
798 2022 858 2081 2.
906 2018 1167 2082 memini
1199 2039 1348 2081 cum
1392 2017 1844 2082 Lachmannus
1891 2019 2103 2083 semi--

142 2104 316 2167 narii
352 2102 569 2189 philol.
607 2104 818 2169 Berol.
851 2103 1102 2168 sodales
1149 2103 1408 2167 edocuit
1450 2102 1766 2167 artissime
1808 2103 2085 2191 iungen-

143 2190 305 2253 dum
353 2210 496 2253 esse
539 2190 642 2255 ille
679 2193 1034 2276 quicunque,
1079 2189 1253 2253 unde
1298 2189 1694 2273 suspiciones
1738 2210 1777 2251 a
1818 2189 1896 2257 P.
1942 2212 2083 2255 mo-

142 2286 251 2337 tae
300 2273 661 2351 diluuntur,
710 2298 874 2360 quae
920 2274 1232 2339 contortis
1279 2274 1414 2338 eius
1458 2274 1631 2338 modi
1678 2276 2080 2359 explanatio-

143 2359 368 2435 nibus,
417 2362 642 2444 quales
684 2372 829 2446 post
872 2360 1032 2423 alios
1075 2357 1347 2423 Kirchn.
1394 2360 1476 2423 ad
1524 2358 1594 2423 S.
1641 2357 1695 2422 I.
1744 2366 1798 2426 2.
1848 2365 1965 2428 101
2013 2386 2081 2447 p.

141 2448 228 2511 64
261 2444 416 2511 adn.
452 2445 741 2530 protulit,
787 2446 926 2510 tolli
969 2468 1097 2511 non
1189 2457 1461 2510 oterant.
1504 2444 1657 2509 hinc
1700 2446 1901 2531 igitur
1944 2448 2081 2511 vir-

141 2530 372 2614 gulam
417 2542 567 2613 post
611 2534 708 2595 dic
750 2531 977 2595 delevi.
1024 2530 1102 2595 cf.
1216 2552 1345 2615 erg.
1382 2530 1551 2594 Aen.
1598 2529 1650 2597 I.
1698 2532 1825 2597 330
1868 2534 1951 2595 sis
1987 2534 2085 2612 fc·

146 2616 238 2680 lia:
282 2627 680 2702 nostrumque
723 2616 878 2681 leves
919 2639 1309 2702 quaecunque
1342 2618 1607 2681 laborem
1634 2617 1662 2697 ΙΙ
1693 2619 1732 2682 8
1766 2619 1975 2683 colcha
2000 2640 2079 2682 ex

142 2698 427 2766 Blandd.
473 2701 529 2763 B
575 2724 691 2785 pro
735 2702 1144 2785 hypermetro
1191 2702 1471 2765 colchica.
1498 2702 1577 2765 cf.
1605 2700 2077 2788 GHerm.epit.

145 2786 352 2851 doctr.
378 2807 562 2851 metr.
591 2786 787 2864 §.590
820 2786 918 2851 ed.
937 2786 1038 2849 alt.
1071 2789 1094 2865 ΙΙ
1133 2790 1207 2850 15
1235 2788 1457 2872 thy-nus
1478 2810 1555 2851 ex
1573 2786 1835 2852 Lachm.
1860 2810 2083 2852 emen-

143 2871 406 2937 datione
452 2871 595 2934 HM
645 2870 1347 2951 (0fi1.35.7.111.7.3).
1389 2894 1622 2959 poenus
1667 2874 1845 2949 libri,
1904 2874 2078 2957 quod

141 2957 296 3021 ferri
347 2956 526 3022 nullo
585 2957 773 3020 modo
821 2980 1011 3041 posse
1055 2957 1114 3021 P
1155 2957 1320 3021 vidit
1348 2959 1375 3039 ΙΙ
1408 2961 1487 3021 16
1535 2962 1768 3023 timctve
1811 2958 2085 3026 Lachm-

141 3042 227 3105 ad
253 3043 504 3128 L.p'.77
529 3042 693 3105 ΗΜ.
725 3044 888 3107 timet
908 3042 1078 3127 libri,
1127 3044 1300 3123 quod
1348 3066 1494 3107 cum
1536 3045 1919 3128 plerumque
1964 3068 2077 3109 ne·

143 3129 284 3191 scio
336 3150 466 3213 qua
524 3135 766 3192 ‘'arseos
814 3128 897 3192 vi’
941 3128 1380 3192 defendissent
1437 3128 1559 3192 alia
1615 3131 1861 3195 ration-e
1917 3152 2077 3194 usus

146 3226 368 3277 tuetur
409 3212 532 3295 Ply
579 3214 690 3291 (cf.
714 3236 833 3277 em.
859 3213 1098 3277 Venus.
1129 3236 1191 3298 p.
1210 3218 1362 3295 xm)
1411 3230 1483 3277 ut
1527 3213 1728 3279 III.5.
1757 3219 1834 3280 17
1853 3216 2083 3302 periret

142 3298 308 3362 conl.
324 3296 637 3362 Ritschel.
661 3299 904 3384 proleg.
929 3299 1138 3363 Plaut.
1161 3323 1224 3384 p.
1246 3317 1533 3363 CLXXXII
1557 3321 1651 3381 sq.
1680 3315 1743 3363 et
1757 3300 2081 3366 Fleckeis.

143 3384 205 3447 in
232 3382 440 3448 annal.
470 3384 625 3469 phil.
671 3402 714 3446 t.
757 3402 876 3447 LXI
917 3408 983 3469 p.
1012 3388 1090 3450 18
1123 3408 1218 3467 sq.
1253 3409 1310 3449 v.
1332 3408 1527 3471 supra
1556 3386 1637 3449 ad
1659 3383 1712 3449 I.
1739 3388 1797 3451 3.
1826 3389 1903 3450 36
1935 3386 1959 3467 ΙΙ
1996 3389 2077 3450 17

139 3472 413 3535 reducem
466 3492 546 3533 ex
591 3468 646 3531 B
691 3469 856 3532 coni.
901 3470 1151 3555 recepi:
1217 3471 1461 3535 celerem
1519 3470 1664 3534 libri
1712 3473 1739 3551 ΙΙ
1780 3474 1863 3535 23
1921 3471 1983 3535 h.
2030 3470 2079 3539 l-

145 3554 329 3620 codd.
375 3556 480 3618 vel
533 3554 756 3639 optimi
815 3564 942 3619 tam
986 3575 1214 3640 parum
1258 3554 1423 3620 inter
1468 3576 1537 3619 se
1580 3556 1977 3631 concinunt,'
2005 3564 2081 3617 ut
