2459 3959
259 298 434 349 XXV!

265 432 544 501 CARM.
588 434 714 499 IX.
782 436 868 499 of.
923 434 1168 500 Buttm.
1224 432 1435 519 Myth.
1503 434 1553 496 I.
1599 438 1741 503 305.
1810 434 2210 521 strophioam

263 520 460 585 huius
527 520 830 585 carminis
901 518 1391 605 dispositionem
1450 518 1577 583 iam
1646 520 1702 583 P
1767 521 2064 584 restituit.
2124 556 2215 567 —--

265 604 542 669 CARM.
587 605 678 668 X.
729 608 760 669 1
819 606 1080 671 Tanaim
1122 619 1267 669 ante
1308 604 1367 669 B
1398 606 1423 687 ΙΙ
1458 607 1538 672 10
1569 618 1733 670 retro
1756 607 1924 685 funis
1954 618 2049 670 eat
2070 618 2217 671 rota

263 714 370 776 vg.
431 703 963 773 transposuerunt
1027 689 1178 755 ΒΜ.
1253 726 1339 739 -
1404 688 1685 756 CARM.
1741 690 1851 755 XI
1916 691 2213 774 quintam

265 775 599 861 stropham
671 773 754 839 ab
828 775 1086 840 inficeto
1156 775 1377 859 aliquo
1455 778 1874 860 grammatico
1941 776 2215 841 inlatam

264 883 442 937 esse,
499 860 609 945 qui
653 862 980 926 ianitorem
1022 863 1200 925 aukze
1253 860 1473 924 addito
1528 862 1785 925 nomine
1832 862 2209 927 adcuratius

266 945 631 1031 significare
654 947 954 1022 voluerit,
999 948 1096 1011 eis
1141 946 1547 1031 argumentis
1592 941 1879 1010 ostendit
1922 946 2216 1011 Naekius

264 1033 329 1094 in
377 1032 509 1095 ind.
560 1031 760 1096 sehol.
804 1030 935 1095 hib.
982 1031 1190 1097 Bonn.
1243 1032 1577 1098 1821—22
1644 1034 1892 1114 (opusc.
1938 1032 1991 1096 I.
2038 1050 2099 1117 p.
2126 1030 2241 1094 78*

269 1120 430 1201 sqq.)
479 1127 540 1181 et
586 1117 668 1180 ad
689 1116 835 1181 Val.
882 1114 1022 1181 Cat.
1069 1140 1130 1203 p.
1166 1118 1291 1183 288
1338 1114 1540 1201 (prob.
1584 1116 1921 1199 PHMPly
1956 1116 2208 1181 Buttm.

265 1202 475 1286 Myth.
525 1201 608 1266 II.
657 1203 802 1267 367.
849 1199 1068 1268 Struv.
1127 1224 1351 1287 opusc.
1399 1201 1489 1265 II.
1537 1204 1679 1268 415.
1739 1201 2017 1266 Kirehn.
2060 1226 2217 1268 nov.

267 1301 511 1371 quaest.
557 1310 622 1371 p.
643 1288 742 1353 63.
783 1288 1021 1352 Bernh.
1053 1288 1205 1354 h'ist.
1234 1287 1355 1351 litt.
1380 1308 1543 1353 rom.
1590 1287 1737 1353 adn.
1784 1290 1904 1355 451
1955 1301 2082 1352 ext.
2128 1290 2215 1353 ef.

268 1373 350 1437 de
393 1394 574 1457 pron.
621 1376 748 1439 eius
791 1372 1058 1437 Lachm.
1103 1375 1172 1439 in
1215 1371 1449 1437 Philol.
1492 1372 1543 1437 L
1582 1373 1752 1450 164),
1800 1385 1873 1436 ut
1914 1372 2214 1456 potuisse

271 1458 540 1523 eandem
586 1458 668 1522 ab
715 1456 966 1524 Orellio
1013 1458 1353 1525 Schmidio
1394 1458 1648 1524 Rittero
1694 1458 1911 1522 denuo
1954 1458 2217 1523 defendi

266 1543 385 1606 vix
423 1542 729 1608 credibile
775 1545 874 1609 sit.
925 1546 1040 1609 sed
1084 1544 1151 1608 in
1198 1545 1321 1610 hoe
1366 1564 1600 1631 genere
1646 1542 1825 1608 ‘nihil
1862 1543 2213 1625 desperan-

269 1628 426 1693 dum
472 1632 609 1693 est?
656 1642 1044 1714 postremam
1097 1652 1357 1714 quoque
1408 1628 1743 1711 stropham
1802 1627 2229 1694 abiciendam·

269 1734 413 1779 esse
456 1726 628 1778 recte
671 1717 901 1799 opinor
943 1714 1450 1779 observaverunt
1492 1714 1549 1779 P
1592 1727 1657 1777 et
1686 1714 1778 1778 M.
1821 1714 2020 1800 praef.
2042 1732 2213 1779 xxn.

269 1798 380 1864 sed
439 1820 518 1863 ea
575 1799 742 1863 abici
807 1802 1067 1883 nequit,
1133 1800 1257 1863 nisi
1305 1800 1791 1864 antecedentem
1840 1800 2036 1864 simul
2078 1822 2212 1865 non

267 1906 377 1949 ma
427 1884 478 1947 is
497 1883 926 1950 Horatianam
959 1885 1291 1949 deleveris.
1339 1918 1420 1933 -—·-
1470 1883 1751 1949 CARM.
1776 1882 1936 1948 XII.
1967 1888 1996 1948 1
2023 1908 2221 1972 neque

269 1968 328 2033 P
482 2019 494 2032 .
539 1993 648 2036 neo
691 1969 841 2058 er.
887 1970 962 2035 B.
995 1974 1092 2053 116
1137 1982 1305 2055 pont⁴
1333 1972 1533 2037 Hebri
1581 1968 1854 2033 delenda
1898 1984 2035 2033 erat
2078 1971 2213 2036 vir-

271 2056 426 2136 gula
467 2068 636 2119 auct.
681 2056 984 2121 Doederl.
1033 2054 1301 2121 Soherfl.
1346 2056 1506 2141 p.13
1549 2068 1616 2119 et
1658 2054 1734 2119 M
1766 2055 1791 2135 ΙΙ
1826 2056 1900 2121 11
1950 2066 2086 2121 arto
2132 2074 2214 2121 ex

271 2140 506 2206 Bland.
553 2152 677 2205 ant.
726 2142 796 2205 B.
843 2145 971 2207 alto
1019 2140 1176 2225 er.
1227 2139 1429 2206 Orell.
1480 2176 1562 2188 ———
1610 2138 1887 2205 CARM.
1934 2139 2133 2206 XIII.
2176 2146 2239 2205 1·

272 2228 636 2291 Bandusiae
676 2250 796 2312 pro
839 2228 1226 2293 Blandusiae
1268 2224 1431 2312 (31η.-
1465 2228 1540 2293 Β.
1586 2262 1671 2275 -·
1716 2221 1999 2289 CARM.
2022 2221 2215 2291 XIV.

274 2314 352 2377 of.
400 2309 629 2395 Hegel.
676 2312 972 2377 Aesthet.
1018 2310 1139 2376 III.
1183 2315 1315 2379 444
1344 2315 1371 2397 ΙΙ
1402 2316 1440 2377 6
1488 2315 1669 2377 casti-2
1712 2315 1901 2376 sam-ie
1938 2311 2019 2375 B.
2042 2313 2219 2377 iustis

273 2398 428 2463 divis
472 2418 574 2483 vg.
601 2400 777 2462 iustis
819 2402 1008 2463 saeris
1049 2396 1196 2463 ΗΜ
1227 2401 1254 2481 Η
1287 2403 1359 2464 11
1409 2400 1564 2464 male
1606 2399 1955 2462 inominata}
1988 2394 2216 2461 BHM.

273 2484 431 2547 male
493 2486 780 2548 ominatis
837 2496 901 2548 et
959 2486 1297 2549 nominatis
1338 2482 1519 2558 libri,
1584 2499 1860 2567 quorum
1914 2482 2037 2546 hoe
2090 2502 2218 2547 nu·-

319 2589 389 2632 er
448 2566 796 2633 defendere
857 2584 1129 2635 conatus
1189 2584 1287 2633 est
1342 2570 1494 2634 Ritt.
1535 2568 1677 2651 1122
1720 2590 2067 2633 murreum:
2132 2568 2212 2632 of.

272 2590 544 2717 Iaaohm.
611 2652 694 2717 ad
754 2652 836 2719 L.
897 2674 964 2739 p.
1013 2657 1131 2719 101
1188 2656 1216 2735 ΙΙ
1267 2656 1565 2722 cohibente
1629 2674 1748 2737 pro
1815 2653 2079 2719 cohibere
2137 2670 2217 2717 ex

272 2738 519 2803 Mureti
578 2752 642 2803 et
692 2738 901 2805 Bentl.
947 2740 1107 2806 coni.
1151 2738 1243 2803 M.
1305 2778 1395 2791 ----·Δ
1452 2736 1733 2806 CARM.
1780 2736 1935 2802 XV.
1982 2742 2021 2801 7
2112 2749 2221 2803 ost

273 2824 550 2889 Pholoen
613 2825 1014 2910 interpunxit
1068 2825 1174 2889 M:
1252 2839 1402 2911 post
1462 2828 1610 2890 satis
1675 2844 1764 2905 vg
1810 2827 1837 2906 ΙΙ
1890 2823 1964 2889 11
2044 2844 2047 2847 ’
2090 2824 2223 2889 ochi

275 2909 440 2972 (5οηὶ.
487 2908 581 2973 Μ.
626 2912 824 2995 praef.
867 2929 1037 2976 xvn.
1082 2912 1283 2977 Nothi
1334 2911 1519 2987 libri,
1578 2910 1752 2993 quod
1810 2930 2040 2973 nomen
2086 2910 2216 2974 iam

274 2993 658 3080 Perleampo
704 3008 1082 3081 suspectum
1127 3012 1271 3061 erat
1298 2998 1323 3077 u
1358 3002 1437 3064 16
1482 2996 1743 3061 vetulam
1764 2992 1989 3059 BHM.
2020 2995 2221 3059 vetula·

276 3079 416 3165 Ply.
463 3080 608 3144 libri
653 3084 925 3145 variant.
986 3118 1067 3129 --
1127 3083 1403 3147 CARM.
1448 3080 1637 3147 XVI.
1685 3085 1722 3144 7
1767 3082 2049 3143 fortasse
2092 3079 2219 3146 hoo

275 3186 537 3249 quoque
579 3167 726 3232 ioco
752 3190 900 3232 eum
921 3168 998 3231 B.
1017 3170 1429 3249 reponendus
1451 3166 1791 3238 singularis
1818 3168 2053 3230 risisset
2079 3166 2104 3247 ΙΙ
2136 3169 2219 3231 22

279 3244 366 3316 ab‘
389 3252 516 3315 dis:
566 3252 648 3317 cf.
697 3254 779 3316 ad
827 3260 885 3318 5.
917 3258 1000 3319 43
1034 3254 1060 3336 ΙΙ
1091 3276 1192 3317 vv.
1218 3256 1471 3318 38—42
1517 3252 1690 3315 haud
1740 3252 1874 3315 scio
1920 3272 2000 3313 an
2046 3265 2219 3316 reete

279 3336 336 3399 P
371 3338 461 3401 ita
505 3340 893 3404 contraxerit
937 3354 1010 3404 ut
1056 3337 1296 3403 scribat
1340 3362 1443 3404 neo
1484 3341 1574 3401 mi
1596 3340 1782 3423 plura
1806 3338 1998 3401 velim.
2026 3339 2237 3402 multa.

271 3424 609 3507 petentibus
650 3458 734 3471 -—
779 3422 1058 3489 CARM.
1081 3422 1310 3488 XVII.
1356 3447 1468 3489 vv..
1496 3424 1663 3489 2-5
1758 3445 1875 3487 uos
1920 3421 2243 3509 Porpby··

277 3510 377 3573 rio
429 3530 558 3574 non
613 3510 914 3595 agnoscit
964 3524 1112 3594 post
1167 3508 1415 3573 Buttm.
1462 3508 1672 3594 Myth.
1762 3506 1809 3571 I.
1858 3511 1983 3574 365
2045 3510 2218 3574 dele-
