2459 3959
247 265 378 326 17⁰
996 269 1456 326 SATIRARVM

257 433 332 484 10
381 427 561 482 lassus
606 428 678 482 ab
722 423 991 480 indomito
1034 425 1142 491 vel,
1188 425 1237 481 si
1280 427 1534 481 Romana
1575 424 1776 497 fatigat

379 513 579 568 militia
622 514 914 568 adsuetum
958 513 1221 581 graecari,
1267 530 1366 566 seu
1411 511 1527 584 pila
1566 511 1733 565 velox

381 599 626 654 molliter
670 604 949 652 austerum
992 597 1178 651 studio
1218 597 1451 652 fallente
1493 596 1760 663 laborem,

385 702 484 740 seu
527 692 585 739 te
629 682 814 736 discus
859 680 994 752 agit,
1037 691 1168 752 pete
1211 686 1503 738 cedentem
1546 699 1674 736 aera
1718 681 1890 735 disco.

385 787 512 824 cum
555 769 714 822 labor
758 766 1037 838 expulerit
1079 767 1321 835 fastidia,
1368 767 1564 834 siccus,
1608 767 1789 821 inanis

261 860 336 910 15
387 872 586 927 sperne
631 853 815 907 cibum
859 851 1056 905 vilem:
1099 853 1208 909 nisi
1253 852 1541 924 Hymettia
1585 854 1751 907 mella
1791 853 2034 908 Falerno

383 957 455 994 ne
499 938 703 992 biberis
747 938 940 992 diluta.
985 937 1118 993 foris
1163 949 1248 994 est
1289 957 1534 1011 promus,
1582 947 1640 992 et
1685 946 1860 992 atrum

385 1024 688 1080 defendens
731 1021 898 1095 piscis
942 1022 1151 1080 hiemat
1193 1043 1376 1080 mare:
1422 1043 1546 1079 cum
1592 1024 1708 1079 sale
1750 1023 1911 1096 panis

384 1110 678 1164 latrantem
723 1111 1064 1163 stomachum
1111 1112 1252 1166 bene
1296 1110 1485 1164 leniet.
1574 1111 1721 1164 unde
1765 1119 1929 1182 putas
1973 1117 2074 1163 aut

389 1194 487 1268 qui
529 1193 790 1266 partum?
835 1211 947 1249 non
991 1194 1050 1249 in
1093 1214 1220 1251 caro
1264 1196 1463 1250 nidore
1507 1195 1762 1267 voluptas

264 1282 342 1334 20
389 1297 624 1347 summa,
671 1280 771 1334 sed
812 1278 872 1332 iu
915 1288 973 1334 te
1015 1280 1136 1353 ipso
1180 1291 1286 1336 est.
1375 1290 1438 1335 tu
1484 1279 1851 1352 pulmentaria
1898 1297 2112 1351 quaere

388 1366 671 1419 sudando:
715 1364 980 1437 pinguem
1025 1367 1174 1422 vitiis
1218 1368 1517 1438 albumque
1548 1377 1745 1437 'neque
1791 1374 1975 1420 ostrea

388 1468 493 1506 nec
535 1467 724 1506 scarus
768 1461 864 1506 aut
905 1452 1111 1524 poterit
1154 1451 1452 1525 peregrina
1493 1451 1688 1507 iuvare
1731 1451 1927 1521 lagois·

388 1537 486 1591 vix
527 1545 713 1590 tamen
757 1535 1006 1608 eripiam,
1050 1538 1235 1610 posito
1279 1555 1495 1610 pavone
1540 1537 1679 1591 velis
1724 1535 1859 1608 quin

389 1623 497 1679 hoc
538 1620 724 1694 potius
769 1641 933 1693 quam
976 1622 1184 1696 gallina
1225 1632 1446 1695 tergere
1488 1623 1755 1694 palatum,

267 1713 342 1761 25
393 1715 686 1780 corruptus
729 1710 886 1762 vanis
929 1728 1152 1778 rerum3
1196 1709 1329 1781 quia
1370 1717 1574 1763 veneat
1616 1725 1753 1762 auro

391 1811 517 1848 rara
560 1791 678 1846 avis
723 1803 782 1848 et
825 1793 976 1866 picta
1017 1797 1231 1866 pandat
1274 1794 1588 1865 spectacula
1631 1795 1834 1847 cauda:

390 1886 655 1950 tanquam
700 1880 770 1933 ad
813 1897 931 1936 rem
975 1879 1222 1935 adtineat
1268 1879 1581 1952 quicquam.
1638 1897 1771 1933 num
1814 1877 2059 1932 vesceris
2101 1876 2228 1932 ista

397 1983 563 2036 quam
606 1964 798 2018 laudas
843 1965 1069 2037 pluma?
1115 1978 1274 2021 cocto
1322 1983 1452 2019 num
1497 1967 1655 2019 adest
1698 1965 1878 2017 honor
1918 1962 2116 2016 idem?

397 2047 588 2116 [carne
632 2057 819 2105 tamen
863 2051 1114 2122 quamvis
1159 2051 1332 2104 distat
1375 2051 1453 2105 nil
1497 2051 1599 2104 bac
1646 2049 1819 2120 magis
1863 2045 2006 2114 illa,]

271 2136 352 2188 30
396 2135 682 2206 inparibus
727 2135 917 2191 formis
963 2138 1259 2210 deceptum
1304 2147 1360 2190 te
1405 2143 1577 2207 patet.
1666 2143 1809 2189 esto.

396 2222 549 2275 unde
593 2222 783 2274 datum
829 2221 1022 2288 sentis,
1068 2222 1229 2293 lupus
1274 2222 1367 2276 hio
1412 2220 1712 2275 Tiberinus
1759 2237 1827 2272 an
1874 2218 1990 2272 alto

397 2314 594 2376 captus
638 2304 773 2372 hiet,
819 2306 1079 2378 pontisne
1122 2308 1269 2361 inter
1313 2307 1547 2360 iactatus
1592 2324 1663 2359 an
1707 2303 1883 2359 amnis

399 2390 543 2445 ostia
586 2392 688 2445 sub
735 2391 951 2446 Tusci?
994 2392 1187 2447 laudas
1231 2393 1427 2446 insane
1470 2390 1743 2445 trilibrem

398 2477 647 2542 mullum,
690 2475 749 2530 in
796 2475 1016 2549 singula
1060 2495 1225 2549 quem
1271 2477 1484 2530 minuas
1508 2475 1795 2547 pulmenta
1839 2490 2069 2529 neeesse
2115 2481 2233 2530 est.

277 2564 352 2614 35
405 2561 556 2616 ducit
601 2572 658 2616 te
703 2563 939 2633 species,
984 2562 1166 2617 viden.
1255 2580 1365 2633 quo
1410 2561 1655 2632 pertinet
1698 2579 1832 2632 ergo

401 2664 661 2720 proceros
708 2648 892 2703 odisse
936 2647 1139 2720 lupos?
1184 2647 1316 2719 quia
1360 2647 1574 2701 scilicet
1614 2646 1723 2700 illis

403 2731 665 2786 maiorem
711 2741 910 2788 natura
954 2735 1178 2788 modum
1221 2733 1397 2798 dedit,
1441 2731 1528 2786 his
1574 2732 1743 2786 breve
1787 2731 2026 2803 pondus,

401 2817 618 2872 ieiunus
662 2835 786 2873 raro
832 2820 1146 2873 stomachus
1189 2818 1440 2889 volgaria
1481 2817 1696 2872 temnit.

402 2898 738 2975 ‘porrectum
781 2923 983 2975 magno
1026 2922 1287 2976 magnum
1332 2911 1585 2976 spectare
1629 2901 1811 2956 catino

271 2992 353 3041 40
402 2987 620 3042 vellem’
666 2988 745 3043 ait
787 2989 1051 3062 Harpyiis
1095 2989 1230 3061 gula
1274 2989 1445 3059 digna
1488 2988 1802 3060 rapacibus.
1889 2995 1947 3041 at
1991 3005 2093 3041 vos

397 3080 741 3146 praesentes,
788 3075 978 3141 austri,
1026 3073 1251 3147 coquite
1295 3075 1491 3128 horum
1536 3074 1785 3129 obsonia.
1831 3090 2155 3144 quanquam

397 3167 559 3231 putet
602 3176 736 3231 aper
779 3161 1156 3232 rhombusque
1198 3177 1411 3226 recens,
1458 3159 1603 3213 mala
1648 3158 1810 3231 copia
1839 3160 2065 3228 quando

397 3261 625 3314 aegrum
670 3246 930 3301 sollicitat
973 3246 1337 3312 stomachum,
1386 3262 1507 3298 cum
1552 3244 1745 3316 rapula
1792 3244 1988 3314 plenus

396 3338 569 3399 atque
613 3327 798 3384 acidas
843 3331 1050 3385 mavolt
1093 3330 1295 3384 inulas.
1384 3333 1617 3384 necdum
1663 3328 1841 3382 omnis
1886 3329 2081 3383 abacta

261 3419 345 3467 45
395 3412 690 3484 pauperies
735 3417 913 3486 epulis
960 3434 1186 3487 regum:
1235 3433 1361 3468 nam
1406 3414 1611 3468 vilibus
1657 3412 1777 3467 ovis

398 3495 686 3567 nigrisque
732 3509 818 3553 est
862 3500 1000 3555 oleis
1046 3500 1210 3554 hodie
1255 3500 1430 3554 locus.
1520 3499 1665 3552 haud
1710 3498 1791 3551 ita
1833 3497 2051 3569 pridem
