2459 3959
1987 248 2166 307 xxm

203 412 485 476 Lachm.
533 408 615 471 ad
662 408 742 470 L.
769 428 831 489 p.
876 410 986 469 161
1044 408 1230 469 ‘ocior
1275 414 1337 465 et
1380 414 1580 466 notior
1624 401 1873 463 numeri
1920 400 2163 482 pariter

209 498 573 561 admittunt
635 496 749 566 (cf.
789 491 875 555 ib.
919 514 982 577 p.
1024 491 1215 564 158),
1283 490 1602 553 sententia
1645 488 1834 550 unice
1876 484 2171 569 postulat·

209 582 674 647 Bentleianum
699 579 928 642 tutior]
965 578 1056 640 ita
1078 574 1391 639 dederunt
1422 572 1568 637 HM
1596 574 1624 653 ΙΙ
1658 570 1989 656 stropham
2030 580 2163 631 ter-

209 669 372 731 tiam
421 665 752 729 ‘indecora
786 660 1339 726 transmutationis
1384 661 1451 723 in
1489 658 1705 723 alitem
1737 654 2163 741 descriptione

209 750 711 817 formidabilem’
759 751 1083 813 eiecerunt
1127 744 1282 810 PM.

793 953 1235 1021 cmm
1275 952 1426 1018 Lm.
1469 954 1591 1015 111.

393 1092 611 1156 Prima
669 1092 862 1155 huius
914 1090 1062 1153 libri
1119 1089 1405 1153 carmina
1463 1086 1685 1151 eodem
1745 1098 1952 1147 metro
2010 1106 2160 1147 con-

215 1175 460 1259 scripta
507 1179 722 1241 statim
767 1178 906 1261 ipso
954 1176 1142 1239 titulo
1191 1173 1554 1257 significare
1574 1171 1745 1237 volui
1773 1194 1899 1233 non
1926 1185 2179 1233 temere·

215 1261 498 1325 conflata
544 1285 713 1335 esse,
778 1262 894 1326 sed
939 1264 1108 1325 iusta
1156 1262 1321 1323 serie
1368 1282 1507 1322 sese
1568 1264 1860 1344 excipere
1907 1278 1983 1318 ea
2028 1269 2163 1317 arte

215 1349 610 1432 composita,
669 1363 742 1411 ut
791 1347 1075 1411 carmina
1115 1345 1216 1409 bis
1262 1364 1442 1407 terna
1496 1344 1823 1407 artissimo
1878 1343 2047 1404 inter
2093 1362 2161 1403 se

215 1434 574 1497 sententiae
618 1434 884 1497 vinculo
929 1454 1174 1496 conexa
1217 1432 1280 1493 in
1330 1452 1531 1492 unum
1588 1430 1775 1512 quasi
1824 1426 1977 1489 satis
2025 1448 2162 1488 am-

212 1518 402 1603 plum
448 1518 699 1601 cyclum
747 1535 992 1582 coeant.
1017 1517 1085 1581 id
1115 1516 1290 1599 quo-d
1339 1536 1484 1577 cum
1532 1513 1613 1577 ab
1660 1516 1801 1578 aliis
1848 1512 2161 1575 monitum

215 1620 334 1675 est,
385 1619 519 1667 tum
565 1605 892 1667 verissime
947 1602 1026 1665 ab
1074 1599 1689 1685 ELTromphellero
1745 1599 2042 1665 Betraclzt
2085 1622 2159 1659 n·

209 1712 332 1773 gen
377 1692 472 1753 ab.
517 1692 613 1753 die
657 1696 700 1753 θ’
743 1703 935 1754 ersten
966 1688 1194 1753 Lieder
1236 1691 1320 1750 im
1344 1688 1639 1750 3.Buche
1682 1690 1737 1749 d.
1778 1688 1929 1750 Hor.
1969 1683 2159 1756 Oden,

220 1772 517 1860 Coburgi
564 1776 851 1840 1851.a0
894 1775 1168 1858 primam
1215 1772 1471 1855 quidem
1521 1772 1877 1856 stropham,
1926 1769 2164 1853 quippe.

225 1882 360 1943 qua
401 1884 776 1925 ‘romanae
814 1864 1039 1941 fidicen
1085 1861 1255 1944 lyrae
1296 1858 1452 1920 haec
1502 1860 1777 1923 carmina
1820 1880 1946 1919 non
1987 1856 2163 1939 privs

227 1946 448 2009 audita
490 1944 850 2028 prohoemii
893 1946 1098 2009 instar
1142 1942 1460 2027 auspicari
1510 1942 1819 2017 voluerit,
1867 1939 2160 2005 admoni-

223 2033 430 2095 tiones
498 2044 759 2094 secutus
804 2030 1281 2116 Tromphelleri
1339 2052 1401 2112 p.
1450 2036 1486 2093 5
1534 2045 1597 2091 et
1646 2028 1743 2091 M.
1790 2026 1993 2109 praef.
2040 2042 2165 2087 XVI

222 2116 306 2179 ab
365 2114 630 2195 reliquis
694 2118 1006 2199 separavi.
1071 2136 1324 2178 carmen
1396 2113 1751 2177 secundum
1798 2130 1861 2174 et
1907 2112 2165 2173 tertium

222 2202 304 2263 nd
360 2200 772 2265 Blandiniani
831 2218 961 2265 ant.
1023 2201 1389 2285 exemplum
1452 2200 1516 2261 in
1574 2220 1774 2265 unum
1839 2194 2166 2261 coniunxit

221 2286 288 2349 H
357 2290 462 2367 (cf.
523 2284 793 2352 Lachm.
861 2290 925 2349 in
985 2308 1150 2351 novo
1217 2308 1377 2348 mus.
1439 2284 1615 2348 rhen.
1676 2283 1796 2349 III.
1866 2285 2009 2347 617.
2066 2280 2174 2351 M.

221 2373 424 2456 praef.
455 2384 653 2451 xvn),
717 2373 892 2457 quod
939 2394 1090 2435 cum
1133 2392 1211 2435 ne
1263 2369 1568 2433 lexis-sent
1614 2370 1713 2434 vel
1757 2368 2165 2433 ITStruvius

226 2460 482 2541 (opusc.
527 2455 611 2522 Π.
659 2460 782 2523 369
829 2458 992 2541 sqq.)
1055 2470 1118 2521 et
1164 2394 1705 2539 Fffiambergerus
1763 2453 2015 2528 (Philol.
2075 2449 2163 2514 ΙΙ.

223 2543 342 2609 691
417 2548 582 2628 sqq.)
644 2544 710 2608 in
777 2544 948 2607 tertii
1015 2542 1314 2606 carminis
1378 2541 1715 2606 eonsilium
1772 2542 2165 2624 inquirentes

222 2650 444 2693 verum
509 2630 840 2713 adtingere
895 2650 1022 2693 non
1087 2638 1405 2710 poterant.
1452 2648 1821 2713 quanquam
1882 2626 1947 2687 id
2016 2646 2167 2687 sane

223 2714 568 2778 tenendum
623 2728 756 2790 est,
823 2715 1102 2801 primum
1171 2734 1425 2777 carmen
1489 2715 1580 2776 ita
1645 2734 1785 2795 esse
1849 2732 1997 2775 cum
2063 2731 2159 2773 se-r

225 2812 460 2881 quente
513 2802 957 2876 coniunctum,
1020 2816 1093 2863 ut
1138 2820 1303 2883 quae
1369 2801 1537 2861 inter
1584 2798 1760 2862 illius
1823 2795 2182 2881 prologum*

221 2908 283 2951 v.
333 2888 502 2950 5—-8
569 2886 676 2967 (ef.
721 2884 816 2949 M.
861 2884 1064 2969 praef.
1111 2888 1257 2957 ΧΠ)
1323 2894 1387 2948 et
1442 2883 1637 2947 huius
1712 2881 2038 2966 epilogum
2106 2902 2167 2943 v.

233 2971 485 3035 101—-42
524 2974 654 3057 (vg.
679 2974 737 3033 3.
763 2972 1042 3047 69--72)
1071 2970 1286 3033 media
1328 2969 1701 3053 interposita
1747 2982 1895 3031 sunt
1941 2967 2168 3031 eodem

224 3067 398 3120 certe
463 3055 948 3141 compositionis
1012 3056 1277 3119 artificio
1338 3055 1785 3119 contineantur
1810 3102 1827 3129 ,
1893 3050 1957 3119 'si
2020 3050 2167 3137 qui-

227 3141 374 3205 dem
429 3156 698 3207 octonae
759 3138 1060 3222 strophae
1123 3142 1295 3204 inter
1339 3162 1407 3205 se
1452 3160 1727 3204 conexae
1793 3152 2019 3221 quater
2062 3158 2167 3201 re-

227 3239 512 3291 currunt.
547 3226 660 3291 sed
690 3225 798 3291 hic
842 3225 998 3291 ordo
1046 3248 1190 3291 cum
1229 3224 1521 3290 turbetur
1565 3248 1692 3287 non
1726 3226 1934 3289 solum
1976 3222 2185 3306 primi²

228 3313 527 3377 carminis
573 3310 852 3396 strophis
895 3332 1066 3375 nona
1110 3324 1170 3375 et
1217 3310 1495 3388 decima,
1558 3332 1718 3394 quas
1762 3307 1897 3374 PM
1940 3309 2167 3373 rectis·

229 3399 389 3460 sime
431 3398 880 3472 excluserunt,
947 3416 1171 3460 verum
1226 3397 1419 3461 etiam
1468 3398 1731 3461 secundi
1782 3396 2007 3479 quinta
2052 3393 2181 3457 de-·

230 3484 394 3547 eima
441 3494 569 3569 (vg.
617 3486 677 3546 3.
727 3484 1052 3558 25m28),·
1095 3481 1260 3546 hanc
1326 3482 1511 3546 simul
1580 3482 1683 3559 (ab
1731 3481 1937 3545 inutili
1986 3480 2166 3543 insu-
