2459 3959
371 273 496 335 124
1187 279 1505 334 EPODON

493 440 612 487 esto
656 431 870 499 beatus,
915 432 1079 486 funus
1123 440 1291 505 atque
1335 432 1603 506 imagines

581 518 786 572 ducant
827 516 1191 589 triumphales
1236 527 1412 584 tuum,

492 619 596 658 nec
639 602 712 657 ait
755 601 969 669 marita,
1015 620 1158 676 quae
1200 603 1615 658 rotundioribus

578 695 777 742 onusta
817 687 971 742 bacis
1018 689 1283 744 ambulet.

372 780 443 829 15
493 771 626 846 quid
670 774 820 844 quod
865 773 1039 828 libelli
1083 774 1244 828 stoici
1288 773 1433 829 inter
1476 776 1693 831 Sericos

575 857 758 912 iacere
800 859 1062 930 pulvillos
1105 859 1329 913 amant?

490 942 757 997 inliterati
800 962 930 998 num
975 945 1195 1012 †minus
1242 944 1394 998 nervi
1438 945 1644 1018 rigent,

575 1027 828 1082 minusve
873 1030 1099 1102 languet
1141 1030 1449 1084 fascinum?

487 1115 636 1188 quod
679 1121 742 1168 ut
787 1117 1026 1186 superbo
1070 1131 1337 1187 provoces
1382 1118 1451 1170 ab
1496 1116 1740 1189 inguine,

369 1205 443 1255 20
576 1216 671 1254 ore
715 1199 1148 1256 adlaborandum
1191 1209 1278 1256 est
1323 1200 1441 1256 tibi.

1295 1527 1385 1582 IX

495 1702 732 1770 Quando
774 1705 1059 1771 repostum
1103 1695 1416 1751 Caecubum
1462 1700 1531 1752 ad
1572 1697 1743 1752 festas
1788 1700 1959 1770 dapes

578 1788 790 1841 victore
834 1785 1014 1838 laetus
1061 1769 1299 1837 Caesare

493 1882 677 1930 tecum
719 1871 822 1925 sub
867 1868 981 1922 alta
1023 1895 1106 1904 -
1150 1867 1230 1922 sic
1274 1868 1394 1922 Iovi
1439 1875 1655 1940 grat-um
1700 1895 1783 1904 ——
1830 1869 2016 1935 dome,

575 1961 737 2014 beate
782 1956 1095 2017 Maecenas,
1141 1953 1368 2006 bibam?

412 2051 443 2100 5
491 2052 722 2101 sonante
765 2040 987 2096 mistum
1029 2037 1179 2092 tibiis
1223 2057 1440 2092 carmen
1486 2039 1625 2108 lyra,

578 2130 682 2184 hae
721 2126 974 2190 Dorium,
1018 2122 1128 2177 illis
1173 2125 1491 2178 barbarum:

491 2223 556 2270 ut
597 2231 794 2285 nuper,
841 2218 994 2266 actus
1039 2227 1164 2262 cum
1205 2210 1349 2264 freto
1390 2208 1703 2280 Neptunius

579 2299 694 2352 dux
735 2297 879 2368 fugit
921 2293 1060 2348 ustis
1104 2294 1355 2362 navibus,

492 2383 730 2438 minatus
775 2380 898 2437 urbi
942 2379 1146 2448 vincla,
1193 2397 1337 2451 quae
1380 2381 1697 2434 detraxerat

373 2476 447 2524 10
579 2467 750 2522 servis
795 2465 1000 2522 amicus
1043 2466 1288 2536 perfidis.

490 2554 774 2610 Romanus
819 2554 959 2607 eheu
1001 2577 1088 2588 ·-—
1129 2549 1338 2623 posteri
1380 2547 1655 2622 negabitis
1702 2575 1785 2588 —

581 2637 956 2708 emancipatus
998 2635 1234 2690 feminae

493 2723 603 2780 fert
642 2723 847 2778 vallum
891 2729 948 2776 et
991 2739 1142 2775 arma
1182 2721 1361 2786 miles,
1404 2727 1461 2774 et
1504 2719 1841 2792 spadonibus

579 2809 788 2864 servire
827 2806 1045 2879 rugosis
1087 2816 1292 2878 potest,

375 2902 447 2952 15
494 2893 751 2966 interque
795 2893 954 2965 signa
994 2899 1158 2963 turpe
1200 2892 1461 2948 militaria

577 2981 662 3034 sol
703 2979 940 3050 adspicit
983 2976 1297 3048 conopium.

494 3072 552 3118 at
593 3064 698 3119 hoc
739 3064 1036 3118 frementes
1080 3071 1371 3118 verterunt
1412 3061 1497 3117 bis
1542 3061 1692 3118 mille
1736 3080 1909 3134 equos

579 3147 726 3203 Galli
773 3157 1032 3204 canentes
1076 3145 1388 3216 Caesarem,

495 3232 888 3305 hostiliumque
929 3231 1150 3288 navium
1193 3242 1359 3305 portu
1402 3234 1579 3289 latent

373 3320 450 3372 20
579 3335 793 3388 puppes
839 3318 1210 3373 sinistrorsum
1256 3319 1415 3374 citae.

492 3401 548 3456 io
592 3401 914 3474 Triumphe,
957 3411 1022 3458 tu
1063 3404 1293 3459 moraris
1336 3421 1531 3459 aureos

579 3502 769 3540 currus
814 3493 872 3541 et
913 3487 1150 3543 intactas
1194 3491 1363 3544 boves
1382 3489 1409 3543 ‘i’
