2459 3959
198 736 283 786 30

204 1929 283 1983 10

198 2360 276 2411 15

197 2781 278 2836 20

886 316 1121 373 LIBER
1141 316 1193 373 Ι.
1247 322 1272 371 1
1286 318 1446 370 0-—1
1461 320 1492 369 2
2030 300 2161 363 21⁷

326 474 559 541 caelum,
604 491 717 528 non
762 471 1025 540 animum,
1075 479 1293 527 mutant
1337 469 1434 543 qui
1476 476 1629 525 trans
1675 483 1825 522 mare
1868 474 2118 521 currunt.

330 568 560 615 strenua
599 577 700 614 nos
747 565 976 614 exercet
1018 556 1246 627 inertia3
1293 556 1528 612 navibus
1574 560 1743 628 atque

334 644 619 718 quadrigis
664 644 908 717 petimus
952 644 1097 698 bene
1142 642 1348 698 vivere.
1396 642 1549 716 quod
1592 638 1758 713 petis,
1802 636 1893 693 hic
1936 644 2038 705 est,

332 738 419 787 est
460 730 711 800 Vlubris,
756 729 970 786 animus
1016 728 1066 784 si
1107 735 1166 784 te
1210 747 1325 784 non
1369 725 1561 783 deficit
1602 742 1833 799 aequus.

1118 1012 1242 1067 ΧΠ

331 1158 631 1215 Fructibus
674 1158 963 1233 Agrippae
1010 1158 1237 1228 Siculis,
1283 1176 1423 1231 quos
1469 1157 1727 1231 conligis,
1769 1156 1904 1224 Icci,

332 1244 382 1299 si
423 1252 577 1301 recte
620 1244 839 1314 frueris,
883 1264 997 1301 non
1042 1254 1129 1300 est
1168 1254 1235 1300 ut
1279 1244 1440 1316 copia
1483 1243 1659 1298 maior

329 1331 400 1385 ab
440 1330 579 1386 Iove
625 1330 820 1387 donari
861 1330 1042 1404 possit
1082 1330 1207 1387 tibi.
1251 1330 1388 1385 tolle
1433 1328 1743 1401 querellas:

329 1432 543 1487 pauper
586 1415 734 1471 enim
775 1434 888 1471 non
935 1424 1021 1473 est
1064 1415 1152 1470 cui
1196 1433 1384 1470 rerum
1429 1414 1677 1487 suppetit
1719 1432 1869 1470 usus.

332 1500 381 1555 si
421 1501 607 1557 ventri
651 1504 815 1570 bene,
860 1502 908 1558 si
951 1500 1115 1557 lateri
1160 1508 1248 1557 est
1287 1500 1563 1574 pedisque
1605 1501 1736 1566 tuis,
1782 1500 1864 1554 nil

331 1585 563 1643 divitiae
606 1596 873 1659 poterunt
915 1587 1135 1661 regales
1180 1588 1390 1641 addere
1432 1586 1629 1641 maius.

331 1670 379 1725 si
419 1673 567 1727 forte
610 1672 670 1728 in
712 1672 898 1729 medio
943 1673 1253 1747 positorum
1298 1670 1601 1726 abstemius
1643 1672 1834 1729 herbis

326 1755 473 1813 vivis
516 1766 576 1813 et
617 1758 813 1825 urtica,
860 1759 940 1814 sic
982 1759 1137 1813 vivas
1182 1757 1437 1829 protinus
1481 1764 1545 1811 ut
1587 1765 1645 1812 te

327 1843 620 1898 confestim
661 1843 908 1917 liquidus
952 1846 1239 1900 Fortunae
1281 1842 1434 1898 rivus
1476 1842 1716 1911 inauret,

327 1928 421 1983 vel
465 1927 599 2002 quia
640 1938 894 1985 naturam
938 1938 1153 1984 mutare
1195 1926 1434 2002 pecunia
1477 1928 1680 1997 nescit,

326 2013 417 2067 vel
461 2013 595 2087 quia
639 2024 837 2071 cuncta
878 2024 1043 2088 putas
1088 2031 1198 2070 una
1243 2014 1450 2070 virtute
1494 2014 1727 2069 minora.

324 2097 607 2169 miramur,
653 2100 701 2155 si
742 2100 1053 2157 Democriti
1096 2117 1266 2173 pecus
1312 2100 1430 2155 edit
1473 2101 1684 2172 agellos

325 2184 617 2257 cultaque,
662 2187 792 2240 dum
833 2204 1069 2259 peregre
1114 2193 1201 2241 est
1245 2184 1461 2241 animus
1507 2186 1627 2242 sine
1671 2202 1906 2259 corpore
1949 2185 2147 2252 velox;

326 2286 454 2324 cum
495 2279 561 2325 tu
602 2271 750 2326 inter
791 2272 1031 2327 scabiem
1072 2279 1286 2327 tantam
1331 2278 1389 2325 et
1433 2272 1692 2343 contagia
1733 2270 1876 2327 lucri

324 2353 411 2409 nil
450 2373 683 2429 parvum
726 2357 908 2429 sapias
951 2365 1009 2413 et
1052 2359 1232 2412 adhuc
1276 2356 1534 2412 sublimia
1575 2375 1754 2425 cures,

322 2456 467 2513 quae
510 2460 663 2497 mare
706 2450 1042 2516 conpescunt
1085 2461 1336 2511 caussae,
1383 2442 1521 2515 quid
1562 2450 1838 2516 temperet
1880 2459 2102 2511 annum,

324 2526 521 2581 stellae
566 2535 765 2600 sponte
810 2546 911 2584 sua
952 2528 1209 2583 iussaene
1252 2537 1527 2601 vagentur
1569 2536 1628 2584 et
1671 2535 1876 2597 errent,

320 2610 458 2684 quid
499 2620 716 2683 premat
758 2616 1054 2670 obscurum
1097 2614 1284 2683 lunae,
1329 2613 1465 2687 quid
1509 2615 1760 2687 proferat
1801 2616 2014 2683 orbem,

324 2695 463 2769 quid
506 2698 645 2753 velit
673 2706 748 2754 'et
790 2699 971 2772 possit
1011 2698 1199 2754 rerum
1243 2698 1542 2755 concordia
1583 2700 1816 2769 discors,

322 2780 688 2855 Empedocles
734 2801 805 2840 au
850 2784 1181 2841 Stertinium
1225 2785 1430 2841 deliret
1475 2804 1730 2841 acumen.

321 2885 515 2923 verum
560 2886 661 2925 seu
702 2870 872 2942 piscis
917 2889 1017 2927 seu
1059 2889 1287 2943 porrum
1332 2878 1393 2926 et
1435 2888 1606 2943 caepe
1647 2870 1916 2938 trucidas,

320 2961 481 3008 utere
521 2954 790 3028 Pompeio
835 2955 1113 3029 Grospho,
1160 2965 1240 3026 et,
1287 2956 1472 3029 siquid
1515 2964 1691 3029 petet,
1739 2957 1886 3011 ultro

324 3038 515 3095 defer:
560 3041 644 3095 nil
687 3040 977 3115 Grosphus
1020 3041 1127 3097 nisi
1172 3060 1363 3098 verum
1407 3042 1592 3097 orabit
1635 3051 1696 3097 et
1737 3059 1999 3115 aequum.

321 3122 449 3179 vilis
494 3125 796 3182 amicorum
840 3136 927 3183 est
969 3146 1205 3198 annona,
1249 3127 1410 3183 bonis
1456 3127 1552 3182 ubi
1596 3128 1734 3200 quid
1779 3130 1957 3183 deest.

201 3214 280 3265 25
329 3226 401 3263 ne
444 3218 631 3267 tamen
674 3212 899 3285 ignores
942 3232 1053 3287 quo
1098 3214 1173 3269 sit
1214 3213 1468 3269 Romana
1507 3213 1634 3268 loco
1677 3212 1800 3281 res,

328 3292 609 3352 Cantaber
650 3296 959 3371 Agrippae,
1004 3297 1203 3354 Claudi
1245 3299 1450 3353 virtute
1493 3298 1739 3354 Neronis

325 3379 625 3438 Armenius
668 3384 897 3453 cecidit3
944 3384 1031 3439 ius
1076 3384 1480 3458 imperiumque
1521 3383 1793 3442 Phraates

331 3466 583 3524 Caesaris
617 3468 835 3543 accepit
876 3470 1111 3543 genibus
1156 3470 1362 3537 minor3
1409 3486 1578 3525 aurea
1615 3472 1807 3545 frages

328 3550 527 3609 Italiae
568 3554 738 3627 pleno
782 3554 1041 3610 defundit
1084 3553 1261 3626 Copia
1303 3570 1497 3611 cornu.
