2459 3959
1053 273 1289 330 LIBER
1330 275 1379 330 Ι.
1432 281 1457 329 1

401 425 544 498 qnid
584 426 754 482 facias
793 424 924 480 illi?
969 426 1160 482 iubeas
1205 428 1471 484 miserum
1514 445 1655 496 esse,
1700 428 1941 486 libenter

404 520 682 584 quatenus
723 511 784 566 id
827 510 988 566 facit:
1031 520 1098 566 ut
1139 514 1365 584 quidam
1406 523 1747 570 memoratur
1788 514 2029 570 Athenis

245 602 286 651 6
305 601 346 650 5
401 597 660 653 sordidus
703 613 768 652 ac
809 597 989 666 dives,
1034 599 1227 671 populi
1270 608 1623 656 contemnere
1667 617 1831 656 voces

399 682 486 738 sic
529 684 747 738 solitus:
792 679 1046 756 ‘populus
1089 701 1180 739 me
1223 684 1429 751 sibilat,
1473 694 1533 740 at
1576 684 1709 741 mihi
1753 686 1957 757 plaudo

397 768 522 840 ipse
565 768 734 836 domi,
779 767 942 824 simul
985 785 1054 823 ac
1097 787 1346 826 nummos
1390 772 1735 843 contemplor
1776 771 1836 826 in
1879 771 2038 826 arca!

398 854 672 908 Tantalus
715 871 750 908 a
790 853 960 908 labris
1005 852 1198 910 sitiens
1244 855 1521 928 fugientia
1560 865 1747 930 captat

396 939 630 994 flumina
671 970 752 981 —
799 939 934 1012 quid
975 939 1168 994 rides?
1212 950 1427 996 mutato
1470 942 1695 998 nomine
1738 943 1809 997 de
1851 950 1911 998 te

255 1029 292 1075 7
309 1027 350 1077 Ο
397 1023 587 1080 fabula
627 1034 916 1079 narratum
961 1026 1241 1097 congestis
1282 1027 1533 1100 undique
1574 1027 1748 1083 saccis

395 1108 664 1164 indormis
705 1109 942 1177 inhians,
987 1119 1044 1166 et
1085 1119 1146 1166 ta
1157 1129 1359 1183 nquam
1402 1130 1633 1185 parcere
1678 1113 1845 1168 sacris

399 1195 615 1267 cogeris
657 1204 755 1250 aut
793 1196 956 1268 pictis
997 1206 1261 1268 tanquam
1303 1199 1548 1268 gaudere
1591 1199 1829 1253 tabellis.

393 1280 576 1336 nescis
621 1297 730 1352 quo
774 1282 956 1337 valeat
993 1301 1269 1349 nummus,
1314 1301 1479 1354 quem
1520 1284 1785 1355 praebeat
1826 1286 2021 1340 usum?

395 1365 557 1436 panis
603 1373 832 1432 ematur,
877 1367 1022 1440 olus,
1063 1367 1180 1422 vini
1223 1368 1521 1436 sextarius,
1564 1369 1711 1424 adde

263 1454 296 1500 7
313 1453 348 1502 5
401 1451 526 1521 quis
568 1451 806 1506 humana
847 1451 955 1506 sibi
999 1453 1186 1507 doleat
1225 1461 1425 1508 natura
1466 1452 1702 1525 negatis.

390 1551 465 1590 an
505 1535 736 1608 vigilare
775 1546 928 1592 metu
971 1538 1301 1606 exanimem,
1344 1538 1631 1610 noctisque
1672 1537 1901 1611 diesque

393 1619 692 1676 formidare
735 1623 908 1677 malos
947 1624 1116 1690 fures,
1159 1623 1433 1691 incendia,
1478 1641 1684 1690 servos,

388 1723 462 1760 ne
505 1714 562 1760 te
607 1707 888 1779 conpilent
927 1707 1224 1780 fugientes,
1269 1709 1377 1762 hoc
1418 1707 1613 1764 iuvat?
1657 1709 1848 1764 horum

387 1807 608 1863 semper
651 1809 754 1863 ego
799 1794 1036 1865 optarim
1079 1794 1463 1865 pauperrimus
1508 1811 1631 1850 esee
1674 1795 1961 1851 bonorum.

253 1877 338 1926 80
387 1883 447 1930 at
491 1875 540 1930 si
583 1877 864 1932 condoluit
905 1886 1235 1951 temptatum
1278 1879 1483 1950 frigore
1528 1897 1743 1952 corpus,

384 1968 484 2014 aut
526 1961 668 2017 alius
717 1979 875 2017 casus
921 1965 1064 2020 lecto
1107 1973 1166 2021 te
1211 1964 1427 2032 adfixit,
1469 1966 1637 2020 habes
1682 1965 1777 2037 qui

381 2045 656 2116 adsideat,
701 2048 948 2104 fomenta
988 2058 1163 2122 paret,
1207 2049 1482 2104 medicum
1524 2058 1706 2121 roget,
1748 2058 1813 2104 ut
1855 2059 1915 2106 te

381 2132 614 2186 suscitet
657 2149 724 2188 ac
766 2133 910 2189 natis
953 2137 1154 2190 reddat
1195 2135 1447 2208 carisque
1490 2135 1855 2208 propinquis?

383 2233 494 2271 non
538 2235 681 2272 uxor
723 2219 939 2273 salvum
981 2229 1042 2276 te
1085 2221 1221 2288 volt,
1268 2239 1381 2275 non
1424 2220 1603 2288 filius3
1650 2237 1839 2276 omnes

248 2301 330 2351 85
380 2301 549 2356 vicini
593 2304 846 2372 oderunt,
891 2305 1030 2374 noti,
1074 2305 1234 2378 pueri
1278 2314 1445 2377 atque
1487 2306 1726 2378 puellae.

381 2386 616 2454 miraris,
661 2405 784 2443 cum
828 2397 890 2443 tu
933 2399 1164 2462 argento
1206 2401 1336 2462 post
1378 2391 1561 2446 omnia
1600 2409 1793 2463 ponas,

378 2471 426 2526 si
467 2491 630 2528 nemo
674 2483 920 2546 praestet
965 2495 1127 2548 quem
1171 2495 1284 2532 non
1327 2476 1592 2532 merearis
1638 2494 1878 2532 amorem
1899 2476 1926 2529 ἰ)

376 2573 448 2611 an
492 2557 540 2612 si
581 2566 864 2630 cognatos,
909 2563 1064 2616 nullo
1106 2571 1307 2616 natura
1348 2562 1537 2617 labore

375 2659 514 2713 qnos
557 2642 662 2698 tibi
705 2646 819 2713 dat,
862 2646 1102 2701 retinere
1144 2647 1285 2702 velis
1330 2664 1660 2719 servareque
1704 2646 1928 2714 amicos,

265 2724 344 2776 90
389 2726 585 2783 infelix
627 2746 850 2801 operam
891 2733 1112 2802 perdas,
1155 2741 1220 2786 ut
1262 2731 1434 2804 siquis
1478 2733 1707 2788 asellum

389 2812 463 2867 in·
495 2830 687 2885 campo
729 2816 928 2870 doceat
969 2825 1260 2889 parentem
1302 2835 1525 2874 currere
1565 2818 1737 2872 frenis
1754 2817 1781 2871 ‘1’

387 2898 628 2972 denique
673 2899 748 2954 sit
788 2900 912 2956 finis
957 2902 1280 2974 quaerendi,
1325 2921 1559 2976 cumque
1602 2904 1807 2958 habeas
1849 2903 1992 2976 plum

383 2983 703 3056 pauperiem
747 2994 958 3042 metuas
1001 2988 1200 3054 minus,
1244 2994 1303 3042 et
1342 2988 1502 3043 finire
1546 2989 1791 3044 laborem

383 3069 616 3142 incipias
659 3079 818 3142 parto
863 3073 1014 3143 quod
1056 3075 1287 3140 avebas3
1333 3091 1407 3128 ne
1450 3073 1619 3129 facias
1664 3076 1812 3146 quod

255 3157 332 3207 95
383 3155 698 3211 meidius
743 3156 984 3227 quidam.
1029 3177 1140 3214 non
1183 3159 1355 3231 longa
1396 3167 1483 3213 est
1524 3156 1727 3214 fabula.
1773 3161 1929 3216 dives

379 3249 443 3294 ut
485 3241 776 3296 metiretur
817 3261 1089 3313 nummos,
1132 3245 1216 3299 ita
1258 3245 1513 3300 sordidus
1556 3255 1621 3301 ut
1664 3264 1723 3301 se

377 3341 489 3379 non
531 3344 776 3398 unquam
821 3345 982 3384 servo
1025 3330 1224 3385 melius
1270 3330 1518 3397 vestiret,
1561 3333 1633 3385 ad
1674 3349 1853 3404 usque

377 3428 694 3483 supremum
737 3421 952 3486 tempus
994 3433 1068 3470 ne
1109 3433 1172 3472 se
1213 3415 1448 3486 penuria
1489 3416 1668 3471 vietus

375 3496 712 3569 opprimeret
751 3502 1052 3558 metuebat.
1095 3509 1156 3556 at
1193 3501 1343 3555 hunc
1382 3501 1585 3557 liberta
1624 3505 1805 3558 securi

2105 271 2229 333 18⁹
