2459 3959
740 827 809 914 O
850 831 936 914 A
978 835 1050 917 R
1091 835 1183 916 M
1225 835 1264 915 I
1308 835 1387 916 N
1431 837 1513 918 V
1556 835 1647 918 M

875 995 1106 1051 LIBER
1151 997 1513 1062 QVARTVS

1181 1195 1212 1249 Ι

329 1337 694 1405 Intermissa,
739 1339 952 1407 Venus,
998 1339 1092 1393 diu
1176 1367 1190 1376 κ

433 1442 626 1478 rursus
671 1424 818 1478 bella
862 1425 1084 1478 moves?
1127 1444 1294 1497 parce
1336 1445 1547 1500 precor,
1593 1447 1808 1500 precor.

337 1527 463 1564 non
510 1529 631 1564 sum
674 1510 853 1582 qualis
899 1529 1047 1564 eram
1093 1511 1267 1566 bonae

440 1599 542 1651 sub
585 1614 759 1668 regno
805 1596 1055 1651 Cinarae.
1103 1596 1313 1666 desine,
1358 1598 1599 1652 dulcium

251 1732 286 1780 5
342 1733 529 1780 mater
573 1743 736 1779 saeva
779 1725 1130 1796 Cupidinum,

438 1810 587 1864 circa
631 1811 802 1864 lustra
845 1813 1033 1865 decem
1078 1814 1305 1866 flectere
1348 1813 1607 1868 mollibus

345 1896 460 1950 iam
504 1898 702 1950 durum
745 1895 1018 1969 imperii83
1065 1897 1155 1951 abi

437 2000 546 2053 quo
593 1981 827 2036 blandae
871 1982 1130 2036 iuvenum
1172 1991 1229 2037 te
1273 1992 1535 2039 revocant
1577 2001 1788 2058 preces.

355 2109 734 2181 tempestivius
780 2110 838 2164 in
885 2113 1104 2165 domum

219 2201 298 2250 10
437 2195 616 2249 Paulli
659 2197 950 2268 purpureis
995 2197 1110 2252 ales
1157 2196 1399 2253 oloribus

357 2281 722 2336 comissabere
767 2282 1016 2349 Maximi,

439 2366 486 2420 si
529 2375 740 2422 torrere
782 2367 936 2422 iecur
978 2369 1198 2440 quaeris
1241 2369 1530 2425 idoneum:

353 2515 591 2569 namque
636 2505 696 2552 et
736 2497 940 2552 nobilis
985 2508 1042 2554 et
1086 2501 1301 2563 decens,

440 2591 497 2635 et
538 2600 638 2653 pro
684 2583 935 2638 sollicitis
979 2601 1090 2638 non
1132 2587 1332 2640 tacitus
1375 2585 1485 2640 reis

231 2673 308 2721 15
359 2673 416 2722 et
459 2677 677 2722 centum
720 2687 860 2741 puer
902 2670 1105 2724 artium

443 2754 557 2808 late
601 2753 830 2809 militiae
876 2755 1034 2827 signa
1074 2757 1218 2811 feret
1259 2765 1407 2824 tuae,

359 2887 416 2936 et
461 2883 791 2955 quandoque
837 2885 1119 2957 potentior

441 2967 582 3040 largi
627 2971 942 3025 muneribus
986 2971 1174 3027 riserit
1217 2971 1437 3040 aemuli,

359 3052 606 3108 Albanos
649 3074 824 3127 prope
868 3064 924 3110 te
967 3057 1117 3111 lacus

232 3143 310 3193 20
442 3149 614 3211 ponet
655 3160 1014 3196 marmoream
1061 3145 1162 3198 sub
1205 3145 1362 3199 trabe
1408 3142 1599 3199 citrea.

357 3266 472 3321 illic
505 3268 750 3340 'plurima
778 3271 1000 3326 naribus

444 3355 610 3408 duces
655 3363 794 3419 tura,
839 3357 1068 3429 lyraque
1113 3367 1168 3413 et
1212 3358 1549 3430 Berecyntia

359 3436 709 3494 delectabere
753 3441 893 3495 tibia

444 3522 620 3579 mistis
667 3525 996 3582 carminibus
1039 3547 1150 3583 non
1194 3529 1313 3584 sine
1354 3529 1561 3597 fistula3
