2459 3959
294 240 420 303 196
1046 244 1506 301 SATIRARVM

419 400 641 456 divitias
688 400 947 455 miseras!
995 400 1095 453 sed
1140 398 1265 471 quis
1313 399 1638 455 cenantibus
1683 416 1812 463 una,

420 486 697 555 Fundani,
743 486 977 559 pulchre
1021 484 1190 540 fuerit
1234 484 1358 551 tibi,
1405 504 1568 541 nosse
1613 486 1822 539 laboro.

297 580 372 628 20
422 572 684 629 ‘summus
731 590 852 643 ego,
900 579 957 625 et
999 588 1171 643 prope
1216 588 1305 624 me
1348 570 1550 626 Viscus
1596 569 1894 637 Thurinae,
1941 578 1999 625 et
2043 570 2210 636 infra,

426 658 475 715 si
518 656 759 725 memini,
806 657 1039 724 Varius3
1087 674 1211 711 cum
1259 656 1496 711 Servilio
1541 657 1842 711 Balatrone

424 744 708 811 Vibidius,
756 761 893 815 quas
937 743 1235 796 Maecenas
1281 743 1592 797 adduxerat
1637 742 1894 808 umbras;

420 830 806 885 Nomentanus
852 835 970 882 erat
1015 846 1185 899 super
1227 826 1429 899 ipsum,
1475 827 1710 883 Porcius
1756 826 1923 895 infra,

419 913 684 969 ridiculus
730 920 874 967 totas
920 912 1086 967 simul
1130 913 1430 967 absorbere
1475 914 1777 985 placentas.

302 1006 376 1054 25
424 1000 811 1054 Nomentanus
858 1000 929 1051 ad
972 999 1094 1065 hoc,
1141 998 1254 1069 qui,
1301 998 1486 1071 siquid
1529 1000 1674 1053 forte
1718 998 1938 1067 lateret,

422 1084 607 1139 indice
650 1092 985 1138 monstraret
1030 1082 1236 1155 digito:
1281 1102 1410 1137 nam
1456 1093 1642 1139 cetera
1688 1085 1868 1148 turba,

421 1188 543 1238 nos,
589 1170 833 1240 inquam,
880 1186 1137 1223 cenamus
1182 1168 1322 1234 avis,
1374 1169 1680 1241 conchylia,
1726 1169 1914 1241 piscis,

422 1256 592 1327 longe
638 1254 962 1309 dissimilem
1008 1262 1139 1308 noto
1186 1253 1426 1310 celantia
1470 1274 1688 1322 sucum3

426 1350 491 1395 ιιι
533 1340 625 1395 vel
671 1340 931 1395 continuo
976 1340 1177 1411 patuit,
1223 1358 1348 1393 cum
1393 1340 1631 1412 passeris
1677 1344 1846 1412 a'tque

302 1436 377 1483 30
426 1427 708 1498 ingustata
750 1424 887 1479 mihi
930 1433 1258 1497 porrexerat
1299 1425 1396 1480 ilia
1439 1426 1676 1480 rhombi.

425 1520 553 1583 post
597 1512 704 1565 hoc
748 1529 835 1565 me
880 1510 1072 1566 docuit
1114 1511 1393 1565 melimela
1435 1513 1638 1565 rubere
1683 1510 1952 1565 minorem

427 1598 497 1652 ad
541 1598 728 1650 lunam
774 1595 1024 1651 delecta:
1071 1596 1205 1668 quid
1249 1596 1357 1649 hoc
1401 1595 1638 1662 intersit,
1684 1597 1753 1650 ab
1797 1596 1920 1669 ipso

424 1682 665 1736 audieris
711 1682 928 1738 melius.
976 1691 1092 1736 tum
1136 1681 1398 1737 Vibidius
1443 1680 1730 1737 Balatroni

427 1766 564 1822 “nos
611 1766 717 1820 nisi
762 1769 1026 1822 damnose
1070 1766 1328 1835 bibimus,
1375 1768 1669 1822 moriemur
1714 1766 1935 1835 inulti,”

302 1862 373 1911 35
426 1862 483 1908 et
527 1852 725 1907 calices
769 1854 954 1924 poscit
998 1852 1254 1906 maiores.
1300 1862 1516 1907 vertere
1560 1853 1741 1924 pallor

426 1947 546 1993 tum
590 1938 820 2010 parochi
862 1938 1062 1993 faciem
1106 1938 1187 1991 nil
1230 1936 1311 1991 sic
1352 1938 1649 1993 metuentis
1695 1945 1757 1992 ut
1799 1938 1940 1993 acris

421 2033 669 2097 potores,
714 2024 806 2078 vel
851 2026 1001 2096 quod
1045 2024 1386 2078 maledicunt
1429 2024 1678 2091 liberius,
1724 2024 1816 2078 vel
2430 1994 2435 2147 1

425 2110 638 2165 fervida
682 2111 831 2182 quod
878 2109 1080 2163 subtile
1126 2111 1433 2164 exsurdant
1475 2110 1604 2165 vina
1647 2110 1913 2181 palatum.

422 2194 708 2250 invertunt
750 2193 1011 2249 Allifanis
1056 2195 1270 2249 vinaria
1313 2203 1432 2249 tota¹

299 2284 379 2336 40
428 2280 691 2335 Vibidius
736 2280 1092 2353 Balatroque,
1138 2283 1342 2337 secutis
1390 2279 1673 2335 omnibus:
1717 2280 1816 2334 imi

426 2364 690 2421 convivae
734 2366 863 2419 lecti
905 2365 1141 2420 nihilum
1184 2385 1425 2422 nocuere
1469 2365 1704 2437 lagenis.
2431 2368 2433 2371 ⁴

426 2452 674 2506 adfertur
717 2450 945 2523 squillas
990 2452 1136 2505 inter
1178 2472 1410 2508 murena
1452 2452 1694 2507 natantis
2431 2374 2433 2529 Ι

427 2536 485 2590 in
515 2535 708 2609 patina
736 2544 1012 2608 porrecta.
1060 2538 1161 2591 sub
1205 2539 1314 2593 hoc
1358 2556 1484 2593 erus
1533 2536 1706 2591 “haec
1750 2531 2018 2608 gravida’'
2066 2538 2240 2612 inquit

427 2620 629 2693 “capta
673 2631 777 2688 est,
824 2622 1069 2677 deterior
1112 2632 1241 2695 post
1283 2633 1504 2696 partum
1551 2641 1714 2677 carne
1760 2624 1965 2679 futura.

302 2714 378 2762 45
425 2707 513 2762 his
557 2707 780 2761 mistum
824 2708 910 2761 ius
958 2718 1073 2762 est:
1121 2709 1269 2776 ole0,
1317 2711 1468 2781 quod
1513 2708 1691 2781 prima
1734 2710 1967 2765 Venafri

424 2793 631 2866 pressit
677 2794 847 2861 cella;
894 2811 1030 2864 garo
1077 2796 1147 2847 de
1191 2795 1335 2850 sucis
1380 2794 1550 2868 piscis
1595 2795 1830 2863 Hiberi3

424 2879 557 2934 vino
603 2878 965 2951 quinquenni,
1012 2898 1204 2934 verum
1251 2882 1390 2935 citra
1431 2898 1582 2934 mare
1625 2888 1772 2947 nat0,

430 2967 562 3019 dum
606 2964 869 3036 coquitur
913 2993 996 3002 -—-
1039 2973 1195 3019 cocto
1245 2966 1441 3021 Chium
1487 2966 1564 3019 sic
1610 2967 1870 3021 convenit
1914 2975 1976 3022 ut
2017 2985 2129 3021 non

426 3051 532 3104 hoc
576 3050 751 3121 magis
798 3051 971 3105 ullum
1014 3050 1164 3105 aliud
1200 3070 1318 3121 -3
1364 3052 1558 3125 pipere
1603 3051 1750 3118 albo,
1795 3072 1907 3107 non
1941 3053 2062 3109 sine
2083 3060 2234 3109 aceto

302 3140 379 3189 50
430 3136 579 3207 quod
622 3135 1072 3205 Methymnaeam
1114 3136 1254 3193 vitio
1298 3138 1596 3192 mutaverit
1637 3155 1822 3196 uvam.

428 3240 620 3276 erucas
665 3220 875 3287 viridis,
920 3222 1100 3277 inulas
1145 3241 1251 3294 ego
1294 3223 1503 3295 primus
1551 3240 1763 3278 amaras

428 3305 732 3361 monstravi
778 3305 1110 3379 incoquere3
1156 3307 1358 3363 inlotos
1405 3307 1670 3363 Curtillus
1716 3308 1958 3378 echin08,

427 3397 489 3445 ut
533 3389 729 3446 melius
771 3392 951 3447 muria
992 3395 1145 3467 quod
1190 3401 1335 3449 testa
1377 3394 1588 3451 marina
1630 3393 1942 3450 remittat-’⁹
