2459 3959
1060 304 1293 357 LIBER.
1335 303 1383 357 I.
1438 309 1464 357 1
2120 294 2248 359 203

328 466 403 514 65
456 457 580 513 isne
624 457 729 514 tibi
771 457 969 513 melius
1014 458 1211 511 suadet
1255 455 1374 529 qui,
1419 474 1537 510 rem
1577 454 1768 520 facias,
1812 474 1952 524 rem,

458 544 506 599 si
551 545 750 616 possi-«³,
796 551 966 610 recte,
1012 542 1062 596 si
1106 561 1236 606 non,
1283 558 1617 614 quocunque
1660 542 1828 595 modo
1874 560 2014 612 rem,

454 638 521 685 ut
563 630 793 703 propius
840 636 1059 701 spectes
1103 628 1399 681 lacrimosa
1441 634 1698 698 poemata
1739 626 1904 699 Pupi,

454 733 525 770 an
572 716 667 787 qui
710 716 994 769 Fortunae
1039 721 1095 767 te
1138 730 1473 783 responsare
1520 712 1793 784 superbae

450 800 689 855 liberum
735 809 792 855 et
836 808 1086 855 erectum
1129 816 1394 869 praesens
1439 799 1696 852 hortatur
1739 805 1797 853 et
1840 799 2040 871 aptat?

329 893 407 940 70
458 888 609 958 quod
652 885 701 939 si
744 904 831 941 me
875 885 1117 957 populus
1161 884 1445 939 Romanus
1489 884 1634 939 forte
1676 890 1852 954 roget,
1901 902 2002 939 cur

449 989 560 1026 non
604 978 671 1025 ut
711 970 1015 1043 porticibus
1063 970 1143 1025 sic
1187 968 1406 1024 iudiciis
1451 970 1603 1024 fruar
1645 969 1838 1035 isdem,

448 1074 553 1112 nec
598 1074 800 1128 sequar
844 1064 939 1111 aut
982 1056 1189 1127 fugiam
1235 1073 1378 1127 quae
1425 1055 1609 1126 diligit
1653 1055 1774 1127 ipse
1819 1055 1912 1110 vel
1953 1044 2092 1123 odit,

451 1141 582 1196 olim
628 1144 780 1214 quod
824 1142 1015 1213 volpes
1061 1149 1292 1211 aegroto
1339 1150 1504 1195 cauta
1547 1139 1696 1195 leoni

448 1227 739 1299 respondit
781 1228 1048 1281 referam:
1101 1226 1250 1297 ‘quia
1295 1244 1383 1281 me
1427 1227 1667 1297 vestigia
1710 1233 1939 1291 terrent,

322 1320 395 1368 75
449 1313 635 1367 omnia
678 1321 738 1367 te
783 1315 1074 1366 adversum
1122 1312 1448 1383 spectantia,
1495 1314 1650 1365 nulla
1691 1301 2033 1366 retrorsum.'

448 1398 616 1451 belua
646 1397 945 1453 multorum
975 1415 1034 1451 es
1067 1398 1332 1469 capitum.
1376 1416 1502 1452 nam
1526 1397 1662 1468 quid
1685 1414 1888 1468 sequar
1909 1404 2006 1451 aut
2022 1400 2229 1468 quem?

445 1500 574 1555 pars
620 1484 903 1539 hominum
949 1483 1123 1554 gestit
1164 1485 1478 1537 conducere
1520 1482 1772 1553 publica3
1818 1489 1950 1536 sunt
1991 1482 2089 1553 qui

449 1569 647 1623 crustis
693 1577 749 1623 et
791 1569 971 1640 pomis
1016 1568 1212 1621 viduas
1259 1577 1532 1622 venentur
1584 1584 1776 1622 avaras

448 1654 841 1725 excipiantque
886 1672 1047 1709 senes
1094 1671 1236 1725 quos
1279 1654 1336 1708 in
1381 1652 1594 1708 vivaria
1637 1652 1896 1723 mittant3

317 1748 395 1798 80
444 1741 631 1794 multis
679 1740 900 1795 occulto
947 1739 1147 1793 crescit
1188 1757 1281 1792 res
1326 1740 1536 1793 fenore.
1596 1756 1792 1793 verum

442 1834 563 1881 esto
608 1826 729 1879 aliis
774 1825 915 1879 alios
959 1827 1127 1880 rebus
1172 1824 1483 1895 studiisque
1527 1824 1740 1879 teneri:

412 1910 585 1965 'idem
629 1913 827 1965 eadem
870 1917 1107 1981 possunt
1150 1910 1342 1963 horam
1389 1912 1588 1963 durare
1633 1910 1978 1983 probantes?

440 1991 643 2050 ‘nullus
689 1997 747 2051 in
793 1997 928 2051 orbe
972 1996 1126 2049 sinus
1171 1995 1304 2049 Bais
1346 1999 1640 2067 praelucet
1684 1986 1949 2051 amoenis’

442 2080 489 2136 si
534 2082 681 2135 dixit
725 2082 901 2145 dives,
946 2082 1095 2135 lacus
1141 2089 1197 2134 et
1244 2098 1396 2136 mare
1442 2082 1614 2136 sentit
1656 2098 1902 2137 amorem

310 2174 387 2225 85
437 2166 753 2221 festinantis
800 2167 909 2221 eri:
956 2166 1045 2221 cui
1088 2166 1137 2219 si
1180 2166 1382 2221 vitiosa
1424 2167 1604 2222 libido

436 2252 632 2306 fecerit
676 2253 1000 2327 auspicium,
1046 2270 1167 2307 cras
1214 2253 1549 2307 ferramenta
1595 2254 1846 2309 Teanum

436 2337 667 2407 tolletis,
714 2338 875 2394 fabri.
920 2337 1101 2391 lectus
1146 2338 1383 2409 genialis
1427 2338 1486 2393 in
1532 2339 1657 2393 aula
1701 2347 1814 2393 est:

436 2421 515 2477 nil
560 2423 640 2477 ait
684 2443 805 2479 esse
850 2422 1022 2494 prius,
1069 2424 1266 2477 melius
1313 2423 1393 2477 nil
1437 2424 1656 2479 caelibe
1701 2424 1848 2479 vita:

436 2507 482 2561 si
527 2528 636 2563 non
682 2519 786 2576 est,
836 2510 983 2563 iurat
1028 2509 1169 2562 bene
1216 2508 1347 2564 solis
1395 2527 1515 2564 esse
1559 2510 1792 2566 maritis.

311 2601 385 2652 90
434 2612 546 2665 quo
592 2602 813 2649 teneam
859 2595 1043 2648 voltus
1091 2603 1398 2649 mutantem
1443 2596 1649 2650 Protea
1691 2598 1880 2653 nodo?

434 2680 570 2750 quid
612 2680 873 2752 pauper?
916 2680 1071 2735 ride:
1116 2688 1296 2734 mutat
1340 2683 1602 2736 cenacula
1645 2682 1844 2751 lectos,

435 2765 636 2819 balnea
679 2775 951 2832 tonsores,
997 2768 1275 2821 conducto
1320 2767 1542 2839 navigio
1587 2784 1762 2838 aeque

434 2860 666 2905 nauseat
712 2869 777 2905 ac
821 2851 1069 2923 locuples
1117 2870 1282 2923 quem
1329 2852 1483 2906 ducit
1527 2851 1684 2922 priva
1725 2852 1988 2909 triremis.

437 2934 484 2989 si
531 2946 753 2991 curatus
796 2937 1077 3009 inaequali
1121 2946 1350 2992 tonsore
1397 2936 1627 3007 capillos

310 3026 383 3078 95
434 3038 685 3089 occur-rc,
731 3022 915 3089 rides3
963 3023 1010 3077 si
1056 3024 1201 3079 forte
1250 3021 1519 3075 subucula
1563 3037 1740 3093 pexae

429 3106 565 3161 trita
608 3109 800 3162 subest
842 3108 1064 3163 tunicae
1108 3110 1197 3163 vel
1244 3107 1291 3161 si
1332 3114 1465 3177 toga
1508 3105 1740 3161 dissidet
1783 3104 1960 3179 inpar,

430 3190 612 3246 rides:
659 3192 814 3265 quid,
861 3212 985 3247 mea
1032 3211 1156 3247 cum
1199 3199 1415 3265 pugnat
1459 3192 1736 3246 sententia
1778 3210 1982 3250 secum.

432 3279 584 3347 quod
628 3278 793 3349 petiit
840 3279 1071 3350 spernit,
1116 3278 1322 3349 repetit
1367 3279 1515 3349 quod
1562 3296 1738 3350 nuper
1782 3280 1984 3351 omisit,

429 3371 648 3417 aestuat
692 3374 751 3418 et
794 3363 941 3419 vitae
986 3364 1336 3419 disconvenit
1379 3362 1573 3419 ordine
1617 3372 1760 3429 totu,

260 3454 378 3503 100
428 3448 599 3503 diruit
642 3449 922 3516 aedificat,
970 3459 1146 3505 mutat
1190 3450 1460 3521 quadrata
1503 3448 1806 3505 rotundis?

423 3532 670 3590 insanire
712 3544 876 3608 putas
922 3535 1211 3591 sollemnia
1254 3552 1342 3589 me
1387 3552 1568 3606 neque
1611 3536 1782 3606 rides,
