2459 3959
230 598 308 647 55

229 1012 312 1075 230

224 1452 308 1499 <35

220 1872 305 1924 ’10

227 2301 305 2349 75

232 3154 308 3203 85

996 350 1230 404 LIBER
1274 349 1350 403 Π.
1403 355 1434 403 8

358 503 574 559 interea
617 521 885 575 suspensa
928 504 1112 576 gravis
1158 504 1349 557 aulaea
1393 501 1583 557 ruinas

359 590 417 643 in
460 589 707 662 patinam
750 590 949 656 fecere,
995 589 1271 643 trahentia
1314 588 1559 659 pulveris
1605 586 1730 655 atri,

361 683 631 747 quantum
682 692 794 729 non
838 674 1023 748 aquilo
1070 674 1366 746 Campanis
1413 672 1620 727 excitat
1663 672 1832 745 agris.

360 779 462 815 nos
506 760 682 815 maius
727 760 912 828 veriti,
959 770 1257 835 postquam
1301 759 1440 813 nihil
1485 777 1608 813 esse
1652 758 1849 831 pericli

360 845 647 917 sensimuS,
696 846 983 917 erigimur:
1028 846 1203 899 Rufus
1248 845 1432 916 posito
1479 844 1680 917 capite,
1725 851 1790 898 ut
1833 844 1880 899 si

357 932 503 985 filius
546 932 853 985 inmaturus
898 932 1126 998 obisset,
1175 933 1331 986 fiere.
1377 930 1500 1002 quis
1547 939 1693 985 esset

362 1015 505 1084 finis,
552 1017 609 1071 ni
653 1017 874 1089 sapiens
921 1017 1002 1070 sic
1042 1018 1427 1071 Nomentanus
1474 1015 1708 1070 amicum

357 1102 586 1157 tolleret
632 1100 797 1169 “heu‚
842 1104 1109 1168 Fortuna,
1156 1101 1280 1172 quis
1327 1110 1413 1155 est
1456 1102 1733 1156 crudelior
1775 1101 1835 1155 in
1880 1118 1981 1156 nos

358 1196 416 1241 te
462 1187 637 1241 deus?
680 1196 743 1241 ut
789 1206 1008 1259 semper
1052 1189 1260 1259 gaudes
1306 1187 1560 1241 inludere
1603 1187 1769 1241 rebus

358 1262 667 1327 humanis.''
710 1273 916 1327 Varius
960 1291 1161 1344 mappa
1204 1290 1541 1344 conpescere
1585 1272 1756 1325 risum

359 1357 457 1411 vix
500 1366 743 1430 poterat.
790 1359 1041 1426 Balatr0,
1090 1360 1433 1429 suspendens
1481 1356 1666 1410 omnia
1710 1374 1885 1425 nasos

364 1442 537 1498 “haec
581 1451 669 1498 est
710 1444 967 1497 condicio
1010 1443 1271 1498 vivendi”
1316 1441 1516 1508 aiebat,
1568 1441 1792 1513 “eoque

356 1546 692 1601 responsura
736 1536 834 1583 tuo
879 1548 1163 1600 nunquam
1209 1537 1294 1582 est
1338 1547 1439 1599 par
1480 1529 1626 1581 fama
1667 1527 1867 1581 labori.

355 1622 505 1681 tene,
550 1622 613 1668 ut
658 1632 763 1685 ego
810 1614 1051 1685 accipiar
1092 1614 1260 1680 laute,
1307 1613 1620 1685 torquerier
1663 1612 1813 1667 omni

358 1700 737 1753 sollicitudine
783 1700 1116 1768 districtum,
1164 1718 1236 1753 ne
1278 1700 1438 1771 panis
1485 1700 1730 1766 adustus,

358 1784 614 1839 ne‘male
661 1785 941 1839 conditum
986 1786 1071 1839 ius
1117 1787 1449 1856 adponatur,
1494 1793 1556 1838 ut
1601 1802 1791 1837 omnes

354 1870 657 1941 praecincti
700 1878 851 1925 recte
894 1870 1054 1943 pueri
1100 1869 1418 1942 comptique
1463 1868 1825 1924 ministrent?

356 1956 500 2009 adde
543 1957 644 2009 hos
688 1966 978 2027 praeterea
1022 1974 1200 2022 casus,
1251 1958 1443 2010 aulaea
1486 1963 1651 2009 ruant
1695 1956 1760 2023 si,

351 2049 416 2093 ut
457 2043 640 2107 modo,
687 2041 733 2095 si
779 2041 1022 2113 patinam
1065 2044 1208 2114 pede
1251 2041 1436 2114 lapsus
1482 2042 1701 2111 frangat
1744 2056 1931 2110 agaen.

358 2127 456 2178 sed
503 2126 874 2181 convivatoris
919 2127 1002 2180 uti
1046 2128 1201 2181 ducis
1249 2126 1530 2199 ingenium
1575 2144 1665 2179 res

352 2212 616 2265 adversae
662 2214 871 2267 nudare
916 2212 1115 2277 solent,
1163 2212 1339 2267 celare
1385 2210 1719 2267 secundae.''

353 2296 693 2352 Nasidienus
738 2300 811 2351 ad
853 2299 989 2351 haec
1034 2295 1175 2351 “tibi
1222 2298 1277 2351 di
1325 2314 1683 2370 quaecunque
1725 2297 1970 2369 preceris

353 2385 639 2436 commoda
683 2384 848 2450 dent3
894 2383 974 2437 ita
1015 2383 1102 2436 vir
1145 2385 1321 2437 bonus
1367 2400 1423 2436 es
1471 2383 1810 2454 convivaque
1856 2384 2054 2439 comis:

355 2474 411 2519 et
456 2468 633 2522 soleas
677 2469 875 2540 poscit.
920 2479 1037 2522 tum
1084 2468 1141 2522 in
1186 2469 1330 2522 lecto
1378 2486 1600 2539 quoque
1643 2468 1848 2523 videris

354 2552 588 2608 stridere
632 2564 846 2609 secreta
887 2554 1094 2608 divisos
1140 2572 1272 2608 aure
1318 2544 1614 2609 susurros.’

354 2638 532 2692 nullos
578 2639 665 2693 his
709 2640 931 2694 mallem
974 2640 1134 2693 ludos
1181 2648 1490 2710 spectasse:
1537 2640 1635 2692 sed
1681 2639 1781 2692 illa

355 2725 528 2777 redde
573 2743 677 2795 age
722 2744 862 2797 quae
910 2724 1169 2795 deinceps
1215 2724 1403 2778 risisti.
1450 2722 1732 2779 ‘Vibidius
1779 2726 1908 2777 dum

367 2810 584 2880 quaerit
629 2812 697 2865 de
742 2811 949 2883 pueris,
995 2828 1126 2863 num
1172 2809 1244 2863 sit
1291 2828 1510 2881 quoque
1555 2810 1733 2864 fracta
1774 2810 1994 2879 lagena,

362 2896 512 2965 quod
557 2895 663 2949 sibi
706 2895 961 2967 poscenti
1004 2914 1115 2948 non
1162 2897 1364 2949 dantur
1405 2895 1621 2965 pocula,
1669 2899 1910 2966 dumque

360 2980 573 3034 ridetur
615 2982 756 3035 fictis
799 3000 1001 3047 rerum,
1047 2980 1345 3035 Balatrone
1389 2983 1650 3048 secundo,

356 3064 684 3133 Nasidiene‚
732 3067 882 3122 redis
926 3075 1169 3120 mutatae
1212 3066 1428 3132 frontis,
1475 3073 1538 3118 ut
1580 3075 1701 3120 arte

358 3152 746 3206 emendaturus
791 3156 1085 3206 fortunam.
1132 3152 1336 3205 deinde
1383 3150 1557 3205 secuti

356 3253 680 3291 mazonomo
724 3237 882 3309 pueri
928 3255 1127 3308 magno
1174 3236 1453 3308 discerpta
1495 3237 1738 3291 fcrentcs

350 3323 593 3375 membra
636 3324 805 3393 gruis,
856 3324 1031 3394 sparsi
1076 3323 1189 3377 sale
1235 3322 1409 3376 multo
1454 3340 1566 3375 non
1612 3322 1729 3375 sinc
1774 3322 1939 3391 farre,

350 3405 651 3476 pinguibus
698 3418 755 3463 et
797 3408 915 3462 ficis
958 3416 1180 3479 pastum
1225 3408 1382 3461 iecur
1427 3408 1636 3461 anseris
1682 3410 1860 3477 albae,

352 3499 409 3546 et
454 3492 706 3565 leporum
750 3494 983 3563 avolsos,
1028 3502 1091 3547 ut
1133 3494 1308 3548 multo
1356 3492 1595 3561 suavius,
1643 3512 1843 3561 armos,

2060 345 2184 405 197

2058 2384 2093 2407 ’9
