2459 3959
835 287 984 343 ΗΒ.
1025 287 1138 342 111.
1189 294 1216 342 1
1235 293 1435 366 1—12

286 459 402 496 una
446 442 516 498 de
563 441 753 498 multis
795 444 915 498 face
957 440 1192 516 nuptiali

287 526 462 600 digna
506 528 792 600 periurum
825 527 932 583 fuit
972 527 1031 582 in
1075 533 1363 600 parentem

155 617 240 669 85
287 613 582 684 splendide
623 614 868 669 mendax
909 615 968 670 et
1009 613 1068 667 in
1111 629 1275 668 omne
1317 612 1477 686 virgo

381 697 588 754 nobilis
633 717 848 767 aevum,

287 821 501 899 ‘surge’
544 845 688 900 quae
731 826 877 882 dixit
917 826 1111 882 iuveni
1154 826 1377 896 marito,

283 908 498 986 ‘sur-ge,
546 930 618 967 ne
662 912 862 985 longus
905 911 1012 968 tibi
1057 931 1281 967 somnus
1327 912 1475 967 unde

285 1016 402 1052 non
445 998 607 1053 times
651 999 848 1054 detur:
892 1015 1144 1054 socerum
1189 1007 1247 1053 et
1290 997 1591 1054 scelestas.

155 1087 239 1138 40
377 1083 511 1139 falle
555 1101 791 1153 sorores,

285 1229 451 1282 quae,
497 1212 654 1268 velut
695 1219 929 1268 nanctae
974 1211 1180 1267 vitulos
1225 1214 1472 1282 leaenae,

286 1295 540 1368 singulos
585 1298 726 1353 eheu
769 1298 1044 1354 lacerant:
1092 1317 1195 1370 ego
1242 1297 1354 1353 illis

284 1381 512 1437 mollior
553 1399 658 1438 nee
697 1391 756 1438 te
797 1383 994 1440 feriam
1035 1401 1218 1456 neque
1262 1383 1412 1440 intra

385 1467 628 1524 claustra
667 1470 896 1524 tenebo.

169 1597 252 1651 45
304 1593 421 1663 [me
464 1603 626 1670 pater
669 1597 846 1653 saevis
893 1605 1086 1654 oneret
1129 1597 1356 1666 eatenis,

299 1681 458 1754 quod
500 1681 620 1738 viro
665 1683 906 1757 elemens
950 1683 1153 1739 misero
1196 1683 1455 1758 peperci3

297 1785 389 1822 me
433 1768 526 1823 vel
567 1776 844 1824 extremos
885 1768 1255 1824 Numidarum
1296 1770 1357 1825 in
1398 1787 1563 1843 agros

387 1853 563 1909 classe
603 1855 838 1927 releget.

296 1981 318 2036 i
359 1983 532 2054 pedes
576 2000 687 2055 quo
731 1989 790 2037 te
833 1983 1058 2055 rapiunt
1101 1990 1160 2038 et
1201 2000 1386 2052 aurae,

168 2070 250 2124 80
296 2067 431 2123 dum
473 2068 625 2124 favet
665 2085 782 2122 nox
826 2075 885 2123 et
925 2069 1137 2136 Venus,
1182 2069 1202 2123 i
1248 2072 1489 2125 seeundo

296 2153 484 2208 omine
528 2160 586 2209 et
628 2153 804 2208 nostri
846 2171 1145 2210 memorem
1180 2157 1445 2228 ‚sepulcro

389 2238 576 2312 scalpe
620 2236 989 2311 querellam.’]

1077 2453 1198 2510 XII

287 2579 624 2636 Miserarum
667 2588 754 2636 est
795 2597 978 2654 neque
1021 2581 1198 2637 amori
1243 2584 1377 2638 dare
1416 2584 1611 2638 ludum
1652 2599 1835 2656 neque
1878 2579 2030 2636 dulei

376 2666 520 2720 mala
559 2665 692 2722 vino
738 2666 922 2722 lavere
967 2676 1064 2722 aut
1105 2667 1411 2723 exanimari
1452 2665 1749 2725 metuentis

377 2758 609 2823 patruae
651 2753 885 2808 verbera
928 2751 1175 2824 linguae.

286 2834 395 2890 tibi
438 2836 664 2909 qualum
708 2837 1015 2908 Cythereae
1058 2857 1200 2911 puer
1245 2838 1379 2907 ales,
1424 2839 1529 2895 tibi
1569 2839 1711 2893 telas

206 2927 242 2977 5
375 2937 755 2995 operosaeque
795 2922 1085 2978 Minervae
1131 2924 1376 2979 studium
1420 2925 1619 2990 aufert,
1662 2920 1937 2992 Neobule,

376 3005 635 3080 Liparaei
677 3008 828 3065 nitor
869 3009 1067 3076 Hebri,

291 3089 460 3146 simul
501 3101 712 3150 unetos*
742 3093 1022 3150 Tiberinis
1067 3111 1286 3150 umeros
1330 3093 1468 3150 lavit
1509 3092 1567 3150 in
1610 3093 1792 3162 undis,

377 3195 546 3251 eques
589 3177 714 3253 ipso
757 3179 954 3235 melior
995 3179 1450 3253 Bellerophonte,
1494 3197 1677 3252 neque
1720 3197 1909 3253 pugno

380 3281 563 3338 neque
608 3264 767 3338 segni
809 3264 955 3338 pede
995 3265 1208 3332 vietus,

178 3353 252 3404 10
301 3355 457 3404 catus
499 3349 650 3406 idem
694 3367 796 3423 per
837 3358 1090 3422 apertum
1133 3349 1397 3423 fugientis
1442 3351 1649 3425 agitato

383 3451 552 3507 grege
597 3452 790 3491 cervos
831 3435 1062 3490 iaculari
1105 3444 1164 3491 et
1209 3437 1356 3492 celer
1397 3445 1519 3493 arto
1563 3436 1875 3493 latitantem

377 3519 634 3578 fruticeto
678 3519 934 3594 excipere
977 3538 1187 3594 aprum.
