2459 3959
248 320 377 381 208
898 323 1455 381 EPISTVLARVM

293 1001 324 1048 5

252 1432 327 1479 10

253 1858 324 1906 15

252 2285 326 2334 20

249 2713 324 2762 25

252 3144 325 3192 30

1193 506 1250 561 V

378 652 438 707 Si
481 661 642 725 potes
687 650 973 707 Archiacis
1018 650 1253 706 conviva
1295 652 1618 707 recumbere
1663 650 1822 708 lectis

374 755 481 793 nec
523 737 738 793 modica
783 756 981 793 cenare
1026 737 1188 792 times
1235 737 1355 791 olus
1399 756 1561 793 omne
1605 740 1832 809 patella,

374 842 632 895 supremo
676 832 733 878 te
778 824 897 879 sole
942 822 1110 889 domi,
1158 824 1468 895 Torquate,
1517 825 1774 881 maneb0.

371 910 501 964 vina
543 910 703 964 bibes
749 910 950 964 iterum
996 910 1184 963 Tauro
1230 908 1432 963 diffusa
1473 910 1736 981 palustris

372 995 519 1049 inter
563 995 881 1049 Minturnas
929 993 1438 1067 Sinuessanumque
1481 995 1794 1050 Petrinum.

374 1080 461 1135 sin
505 1080 703 1135 melius
747 1080 883 1152 quid
926 1081 1117 1147 habes,
1164 1098 1399 1145 arcesse,
1444 1081 1535 1135 vel
1579 1081 1868 1153 imperium
1913 1082 2017 1135 fer.

374 1166 676 1220 iandudum
719 1167 977 1238 splendet
1018 1166 1175 1219 focus
1221 1173 1280 1220 et
1321 1166 1425 1220 tibi
1469 1168 1676 1220 munda
1720 1168 1993 1239 supellex.

373 1251 532 1305 mitte
574 1252 715 1307 levis
763 1270 887 1324 spes
934 1260 991 1306 et
1034 1251 1337 1306 certamina
1382 1252 1700 1306 divitiarum

374 1345 431 1392 et
475 1337 694 1391 Moschi
740 1354 1023 1391 caussam:-
1066 1355 1183 1390 crat
1229 1343 1360 1391 nato
1407 1338 1644 1393 Caesare
1689 1338 1864 1393 festus

376 1424 473 1476 dat
513 1423 733 1477 veniam
778 1440 1139 1492 somnumque
1184 1422 1330 1485 dies:
1378 1423 1584 1495 inpune
1627 1424 1819 1478 licebit

372 1508 625 1562 festivam
672 1526 925 1563 sermone
970 1509 1212 1577 benigno
1258 1510 1485 1563 tendere
1530 1516 1765 1563 noctem.

375 1612 485 1666 quo
529 1592 663 1648 mihi
707 1595 1007 1659 fortunam,
1054 1594 1099 1646 si
1144 1612 1257 1646 non
1303 1595 1624 1649 conceditur
1667 1595 1790 1648 uti?

372 1698 570 1751 parcus
617 1680 690 1733 ob
736 1679 957 1733 heredis
1002 1696 1190 1733 curam
1235 1679 1576 1751 nimiumque
1623 1698 1848 1735 severus

374 1764 593 1819 adsidet
635 1764 853 1820 insan0.
899 1771 1097 1835 potare
1141 1771 1199 1817 et
1243 1783 1504 1836 spargere
1549 1767 1713 1819 flores

374 1849 635 1921 incipiam
680 1850 971 1921 patiarque
1015 1850 1107 1903 vel
1150 1849 1499 1904 inconsultus
1545 1849 1754 1904 haberi.

376 1936 510 2008 quid
554 1954 667 1990 non
712 1934 945 1989 ebrietas
992 1934 1288 2005 designat?
1335 1943 1528 2007 operta
1568 1936 1822 2002 recludit,

374 2040 501 2094 spes
548 2020 706 2076 iubet
750 2038 873 2075 esse
917 2028 1085 2088 ratas,
1133 2022 1204 2075 ad
1249 2020 1464 2093 proelia
1505 2020 1684 2075 trudit
1724 2021 1978 2087 inertem,

376 2106 627 2164 sollicitis
672 2105 867 2160 animis
915 2124 1054 2160 onus
1098 2106 1308 2170 eximit,
1356 2107 1594 2161 addocet
1639 2106 1790 2161 artis.

374 2192 599 2247 fecundi
643 2192 842 2247 calices
888 2209 1053 2263 quem
1098 2208 1209 2245 non
1255 2193 1440 2247 fecere
1485 2191 1804 2247 disertum?

378 2286 663 2332 contracta
706 2295 871 2350 quem
915 2296 1027 2331 nou
1071 2276 1130 2331 in
1174 2284 1504 2349 paupertate
1549 2277 1826 2331 solutum?

374 2364 514 2418 haec
559 2381 661 2435 ego
705 2380 1003 2435 procurare
1050 2371 1107 2417 et
1148 2361 1384 2417 idoneus
1428 2363 1671 2434 imperor
1713 2372 1771 2417 et
1813 2381 1927 2418 non

373 2448 602 2516 invitus,
647 2467 719 2503 ne
764 2456 927 2519 turpe
971 2448 1136 2518 toral,
1180 2467 1252 2503 ne
1296 2449 1520 2503 sordida
1563 2466 1766 2520 mappa

376 2541 646 2605 conruget
688 2533 859 2599 naris,
904 2552 975 2588 ne
1018 2552 1131 2588 non
1177 2542 1234 2589 et
1278 2535 1569 2589 cantharus
1617 2544 1674 2589 et
1718 2536 1852 2589 lanx

374 2622 632 2675 ostendat
673 2619 777 2673 tibi
820 2628 894 2686 te,
938 2637 1009 2673 ne
1054 2620 1195 2674 fidos
1239 2620 1388 2675 inter
1429 2620 1635 2675 amicos

374 2706 448 2761 sit
490 2705 587 2777 qui
631 2705 779 2759 dicta
821 2705 969 2759 foras
1015 2704 1282 2759 eliminet.
1327 2712 1391 2759 ut
1435 2714 1593 2760 coeat
1635 2726 1736 2779 par

373 2792 748 2864 iungaturque
794 2789 933 2864 pari,
979 2790 1209 2845 Butram
1253 2790 1356 2844 tibi
1404 2790 1817 2865 Septiciumque

375 2885 433 2933 et
475 2876 583 2931 nisi
640 2894 775 2931 cena
816 2875 969 2947 prior
1013 2875 1308 2948 potiorque
1349 2876 1539 2946 puella
1583 2878 1848 2933 Sabinum

374 2963 591 3019 detinet
634 2963 935 3016 adsumam.
981 2962 1136 3016 locus
1182 2970 1270 3017 est
1313 2970 1372 3015 et
1413 2961 1666 3034 pluribus
1710 2962 1959 3017 umbris:

376 3050 476 3105 sed
518 3048 680 3101 nimis
726 3056 846 3101 arta
889 3055 1149 3119 premunt
1194 3047 1376 3101 olidae
1421 3046 1670 3102 convivia
1713 3066 1926 3119 caprae.

374 3142 437 3189 tu
482 3141 684 3207 quotus
729 3133 1027 3188 esse'velis
1072 3133 1316 3187 rescribe
1361 3139 1419 3186 et
1459 3134 1626 3187 rebus
1671 3132 1888 3189 omissis

375 3219 517 3275 atria
560 3226 871 3274 servantem
914 3219 1129 3290 postico
1174 3218 1306 3273 falle
1351 3218 1625 3275 clientem.

1016 3434 1164 3441 --—--
1211 3436 1222 3439 -
1236 3436 1306 3439 ----
1321 3434 1418 3442 --—-
