2459 3959
925 294 1158 351 LIBER.
1199 297 1249 352 Ι.
1298 304 1460 353 4-5

249 443 334 492 25
388 439 545 494 milia
587 448 704 496 tum
747 448 932 516 pransi
976 450 1085 505 tria
1125 433 1369 524 repimus
1413 459 1581 525 atque
1624 454 1871 513 subimus

385 524 690 596 inpositum
735 531 881 587 saxis
927 534 1040 590 late
1085 538 1450 592 candentibus
1496 539 1710 594 Anxur.

381 611 493 664 huc
534 621 800 670 venturus
845 628 963 674 erat
1005 622 1303 678 Maecenas
1348 625 1587 698 optimus
1632 634 1801 698 atque

389 696 670 764 Cocceius,
716 701 868 756 missi
914 708 1128 777 magnis
1174 710 1245 764 de
1288 711 1451 763 rebus
1496 719 1729 783 uterque

383 781 575 852 legati,
619 803 838 842 aversos
885 791 1035 846 soliti
1081 811 1395 865 conponere
1441 796 1665 852 amicos.

239 867 327 920 30
378 865 472 920 hic
515 869 691 924 oculis
737 889 841 942 ego
886 875 1044 948 nigra
1087 879 1226 934 meis
1272 879 1499 948 collyria
1541 881 1727 951 lippus

375 950 631 1008 inlinere.
677 954 893 1013 interea
935 963 1235 1018 Maecenas
1280 965 1502 1019 advenit
1545 973 1714 1037 atque

376 1035 638 1093 Cocceius
683 1041 992 1117 Capitoque
1039 1050 1202 1103 simul
1244 1050 1529 1117 Fonteius,
1577 1051 1648 1104 ad
1693 1069 1933 1122 unguem

369 1123 550 1176 factus
593 1125 774 1194 hom0‚
819 1129 1033 1186 Antoni
1077 1154 1188 1189 non
1235 1143 1299 1189 ut
1341 1135 1515 1207 magis
1560 1136 1702 1190 alter
1744 1139 1967 1197 amicus.

368 1207 596 1262 Fundos
639 1211 864 1269 Aufidio
909 1217 1089 1274 Lusco
1133 1228 1393 1292 praetore
1438 1221 1679 1274 libenter

230 1294 314 1346 35
369 1291 687 1365 linquimus,
731 1298 910 1355 insani
953 1304 1200 1360 ridentes
1245 1304 1490 1376 praemia
1534 1306 1763 1373 scribae,

367 1387 713 1449 praetextam
757 1393 811 1438 et
855 1385 1026 1443 latum
1071 1391 1284 1444 clavum
1328 1409 1652 1463 prunaeque
1696 1392 1970 1454 batillum.

367 1462 426 1516 in
471 1464 871 1524 Mamurrarum
916 1473 1048 1528 lassi
1093 1477 1295 1529 deinde
1340 1477 1478 1530 urbe
1522 1493 1828 1545 manemus,

362 1549 602 1604 Murena
643 1557 947 1624 praebente
991 1560 1235 1628 domum,
1284 1561 1553 1633 Capitone
1598 1561 1855 1617 culinam.

363 1641 585 1702 postera
627 1637 725 1692 lux
770 1642 946 1697 oritur
989 1646 1165 1700 multo
1210 1645 1556 1718 gratissimat
1600 1663 1837 1718 namque

233 1719 315 1772 40
362 1718 578 1774 Plotius
623 1731 682 1776 et
724 1725 928 1783 Varius
975 1729 1269 1786 Sinuessae
1316 1730 1705 1804 Vergiliusque

358 1815 668 1874 occurrunt,
713 1811 928 1867 animae
973 1815 1148 1886 qualis
1193 1835 1375 1888 neque
1420 1816 1765 1872 candidiores

355 1897 504 1944 terra
547 1892 678 1946 tulit
719 1913 898 1968 neque
943 1900 1065 1972 quis
1108 1919 1198 1955 me
1244 1902 1317 1956 sit
1361 1902 1671 1956 devinctior
1712 1904 1874 1960 alter.

355 1993 389 2027 ο
434 1975 528 2047 qui
571 1979 876 2051 conplexus
921 1992 978 2038 et
1021 1985 1226 2056 gaudia
1270 1995 1477 2058 quanta
1518 1989 1773 2042 fuerunt!

349 2057 430 2112 nil
475 2079 580 2132 ego
625 2067 953 2122 contulerim
995 2070 1236 2124 iucundo
1282 2091 1445 2126 sanus
1488 2072 1681 2127 amico.

217 2147 296 2198 45
345 2145 604 2216 proxima
647 2147 927 2223 Campano
971 2155 1130 2227 ponti
1175 2173 1317 2226 quae
1360 2158 1569 2225 villula,
1615 2163 1823 2212 tectum

345 2232 622 2300 praebuit,
668 2243 726 2289 et
769 2240 994 2308 parochi
1041 2259 1182 2312 quae
1229 2243 1439 2297 debent
1480 2243 1635 2314 ligna
1679 2242 1979 2318 salemque.

342 2314 474 2370 hinc
514 2317 650 2372 muli
694 2319 914 2394 Capuae
960 2325 1192 2380 clitellas
1237 2335 1488 2400 tempore
1532 2335 1768 2400 ponunt.

339 2399 521 2454 lusum
566 2402 613 2456 it
654 2405 969 2478 Maecenas,
1017 2410 1314 2466 dormitum
1361 2431 1466 2484 ego
1510 2411 1947 2485 Vergiliusque:

332 2502 570 2558 namque
613 2489 728 2559 pila
769 2493 934 2566 lippis
979 2495 1265 2550 inimicum
1310 2507 1365 2552 et
1409 2498 1601 2553 ludere
1646 2499 1871 2573 crudis.f

203 2570 286 2623 50
333 2569 465 2625 hinc
506 2589 608 2628 nos
653 2575 846 2632 Coccei
889 2581 1090 2652 recipit
1132 2582 1454 2652 plenissima
1494 2584 1645 2651 villa,

330 2673 472 2727 quae
519 2676 686 2730 super
729 2672 815 2717 est
860 2664 1038 2720 Caudi
1082 2683 1379 2738 cauponas.
1425 2686 1572 2723 nunc
1614 2667 1749 2722 mihi
1794 2671 1985 2740 paucis

335 2742 614 2798 Sarmenti
661 2765 881 2804 scurrae
925 2769 1171 2822 pugnam
1217 2753 1502 2824 Messique
1548 2753 1764 2822 Cicirri,

329 2825 513 2895 Musa,
559 2830 728 2886 velim
770 2851 1044 2890 memores
1089 2843 1145 2889 et
1188 2855 1298 2908 quo
1342 2847 1501 2910 patre
1545 2848 1707 2894 natus
1751 2847 1985 2912 uterque

329 2913 631 2969 contulerit
671 2917 802 2973 litis.
847 2919 1020 2975 Messi
1068 2921 1277 2976 clarum
1322 2942 1496 2995 genus
1542 2925 1707 2992 Osci3

197 2999 275 3048 55
327 2996 605 3054 Sarmenti
649 3003 871 3058 domina
916 3013 1104 3060 extat:
1151 3008 1220 3061 ab
1266 3009 1353 3062 his
1398 3008 1694 3064 maioribus
1740 3009 1848 3064 orti

325 3082 398 3135 ad
439 3101 679 3154 pugnam
723 3107 946 3144 venere.
991 3091 1144 3162 prior
1190 3093 1512 3148 Sarmentus
1560 3092 1708 3167 ‘equi
1752 3102 1810 3150 te

323 3184 445 3221 esse
488 3169 593 3224 feri
639 3171 873 3228 similem
921 3175 1082 3230 dico.’
1125 3176 1390 3245 ridemus,
1438 3187 1496 3233 et
1538 3179 1661 3252 ipse

320 3250 562 3308 Messius
609 3253 878 3330 ‘accipio,’
919 3267 1087 3333 caput
1131 3270 1189 3316 et
1230 3271 1437 3319 movet.
1486 3261 1537 3318 ‘o
1581 3273 1678 3318 tua
1720 3281 1891 3321 cornu

317 3335 376 3390 ni
419 3338 562 3393 foret
606 3353 830 3399 exsecto
873 3345 1046 3400 frons'
1088 3346 1291 3420 inquit,
1338 3347 1490 3420 ‘quid
1535 3349 1760 3418 faceres,
1809 3369 1934 3408 cum

195 3425 269 3474 60
319 3422 398 3475 sic
443 3423 669 3480 mutilus
711 3429 983 3485 miniteris
1001 3431 1046 3484 ?’
1091 3439 1148 3486 at
1192 3433 1275 3487 illi
1319 3435 1485 3488 foeda
1528 3435 1757 3490 cicatrix

319 3513 558 3563 setosam
601 3511 748 3568 laevi
791 3515 1029 3572 frontem
1072 3523 1395 3591 turpaverat
1436 3520 1565 3576 oris.

2043 301 2173 364 153
