2459 3959
1056 271 1287 326 LIBER
1329 272 1377 327 Ι.
1428 277 1459 328 8
2114 265 2239 330 117

469 425 596 498 quis
639 424 794 496 paria
837 441 958 480 esse
999 425 1118 480 fere
1160 425 1373 497 placuit
1415 431 1664 496 peccata,
1710 424 1987 493 laborant,

473 528 598 565 cum
627 517 853 565 ventum
881 513 952 565 ad
983 529 1174 566 verum
1205 519 1320 565 ent:
1367 529 1559 566 sensus
1590 529 1880 584 moresque
1910 519 2241 586 repugnant,

476 604 643 667 atque
687 595 810 668 ipsa
850 596 1086 664 utilitas,
1131 595 1265 650 iusti
1306 613 1479 668 prope
1522 602 1699 651 mater
1744 603 1799 652 et
1842 597 2021 670 aequi.

475 699 600 736 cum
640 688 1042 754 prorepserunt
1083 680 1275 753 primis
1320 680 1579 736 animalia
1618 681 1800 751 terrie,

295 773 427 823 100
475 773 687 820 mutum
730 775 788 822 et
829 775 990 838 turpe
1034 785 1223 839 pecua,
1270 766 1528 838 glandem
1557 774 1724 838 atque
1768 766 1972 822 cubilia
2012 775 2242 841 propter

475 851 755 922 unguibus
799 859 857 907 et
900 851 1123 925 pognia,
1171 851 1299 906 de'in
1341 851 1598 920 fustibus,
1644 859 1811 924 atque
1854 852 1935 907 ita
1977 871 2143 924 porro

477 939 799 1008 pugnabant
841 937 1028 1003 armis,
1075 955 1216 1008 quae
1260 944 1387 1009 post
1430 936 1793 992 fabricaverat
1835 956 1994 1006 usu33

479 1023 654 1076 donec
697 1023 885 1091 verba,
933 1021 1131 1094 quibus
1176 1039 1339 1076 voces
1382 1040 1690 1095 sensusque
1734 1031 2011 1092 notarent,

481 1107 812 1178 nominaque
856 1107 1147 1162 invenere:
1193 1106 1394 1162 dehine
1436 1108 1703 1162 absistere
1746 1109 1913 1177 bello,

304 1197 432 1248 105
483 1191 688 1264 oppida
728 1201 1032 1266 coeperunt
1074 1191 1312 1260 munire,
1360 1199 1415 1247 et
1457 1211 1664 1266 ponere
1706 1193 1877 1266 legem

479 1295 551 1332 ne
595 1278 718 1349 quia
762 1278 854 1332 fur
895 1285 1058 1346 esset,
1107 1295 1218 1332 neu
1265 1277 1423 1344 latre,
1470 1296 1579 1333 neu
1626 1279 1749 1350 quis
1794 1279 2030 1334 adulter.

477 1380 604 1416 nam
647 1363 754 1418 fuit
797 1371 925 1418 ante
967 1363 1241 1418 Helenam
1286 1380 1495 1416 cunnus
1540 1364 1855 1418 taeterrima
1898 1364 2031 1418 belli

485 1465 704 1517 caussa3
753 1450 852 1504 sed
897 1448 1101 1521 ignotis
1144 1447 1429 1521 perierunt
1470 1448 1741 1503 mortibus
1784 1448 1883 1518 illi,

481 1551 619 1604 quos
662 1551 919 1589 venerem
963 1534 1229 1588 incertam
1271 1532 1538 1604 rapientis
1583 1552 1733 1588 more
1776 1533 2019 1589 ferarum

305 1625 338 1674 1
360 1617 436 1672 10
481 1617 688 1673 viribus
733 1618 936 1674 editior
981 1620 1249 1674 caedebat
1290 1627 1355 1673 ut
1394 1617 1450 1671 iu
1495 1637 1664 1690 grege
1707 1627 1914 1676 taurus,

480 1702 602 1757 iura
643 1703 866 1760 inventa
907 1712 1062 1760 metu
1103 1703 1295 1758 iniusti
1336 1704 1545 1758 fateare
1588 1722 1811 1760 necesse
1854 1712 1957 1774 est,

481 1795 734 1860 tempora
776 1790 823 1844 si
865 1790 1146 1861 fastosque
1189 1787 1327 1844 velis
1372 1789 1625 1845 evolvere
1668 1791 1879 1848 mundi.

480 1890 584 1927 nec
625 1880 823 1930 natura
863 1881 1048 1946 potest
1089 1873 1237 1928 iusto
1281 1892 1565 1930 secernere
1608 1874 1833 1944 inicum,

480 1957 681 2014 dividit
724 1968 784 2015 ut
830 1961 978 2014 bona
1021 1959 1271 2028 diversiS‚
1316 1958 1579 2032 fugienda
1617 1961 1892 2032 petendiS,

305 2049 428 2100 115
477 2059 581 2097 nec
622 2044 810 2102 vincet
851 2043 994 2100 ratio
1037 2045 1159 2112 hoc,
1205 2046 1527 2099 tantundem
1572 2053 1634 2098 ut
1677 2053 1872 2117 peccet
1912 2044 2170 2120 idemque

477 2128 572 2201 qui
615 2137 839 2185 teneros
883 2129 1052 2184 caulis
1098 2129 1265 2184 alieni
1306 2130 1538 2203 fregerit
1581 2130 1729 2185 horti

479 2221 538 2268 et
581 2215 676 2286 qui
717 2222 1024 2272 nocturnus
1070 2232 1225 2271 sacra
1269 2215 1455 2271 divum
1500 2215 1715 2288 legerit.
1802 2215 1950 2272 adsit

474 2301 683 2371 regula,
727 2299 972 2372 peccatis
1015 2317 1158 2373 quae
1200 2318 1409 2373 poenas
1454 2300 1675 2374 inroget
1717 2319 1943 2374 aequas,

473 2403 546 2439 ne
589 2385 802 2440 scutica
846 2385 1074 2458 dignum
1115 2385 1373 2440 horribili
1418 2394 1629 2442 sectere
1673 2387 1914 2458 flagello·

309 2472 431 2526 120
475 2489 604 2524 nam
645 2478 710 2524 ut
752 2471 930 2526 semla
973 2473 1171 2526 caedas
1216 2471 1474 2526 meritum
1516 2470 1723 2526 maiora
1766 2471 1952 2528 subire

473 2557 708 2612 verbera
749 2575 861 2611 non
905 2574 1120 2626 vereor,
1167 2556 1485 2612 cum-dieas
1532 2575 1653 2612 esse
1697 2557 1845 2630 paris
1889 2577 1979 2614 res

471 2643 620 2696 furta
661 2641 968 2698 latrociniis
1011 2649 1070 2697 et
1111 2641 1323 2715 magnis
1364 2660 1541 2718 parva
1582 2641 1807 2698 mineris

475 2727 614 2782 falce
658 2727 962 2783 recisurum
1006 2726 1174 2782 simili
1215 2734 1291 2796 te,
1335 2727 1383 2783 si
1426 2727 1530 2783 tibi
1571 2746 1804 2800 regnum

472 2812 802 2884 permittant
841 2812 1113 2868 homines.
1199 2811 1249 2866 si
1292 2812 1467 2882 dives,
1510 2813 1607 2885 qui
1650 2813 1869 2885 sapiens
1914 2821 2021 2884 est,

313 2901 428 2952 125
479 2905 536 2951 et
579 2906 734 2952 autor
776 2899 956 2952 bonus
999 2906 1060 2954 et
1099 2898 1251 2953 solus
1294 2898 1568 2954 formosus
1612 2906 1669 2953 et
1710 2906 1796 2954 est
1835 2916 1955 2966 rex,

469 2999 565 3036 cur
607 2992 764 3055 optas
809 2984 960 3056 quod
1001 2983 1214 3038 habes?
1262 2979 1393 3038 ‘non
1430 2983 1577 3038 noeti
1622 2984 1753 3056 quid
1797 2983 1977 3055 pater’
2020 2983 2211 3057 inquit

470 3064 830 3140 ‘Chrysippus
877 3068 1040 3124 dicat.
1131 3068 1348 3141 sapiens
1394 3068 1641 3141 crepidas
1686 3069 1792 3124 sibi
1836 3087 2123 3143 nunquam

465 3169 570 3208 nec
615 3153 792 3208 soleas
835 3153 998 3210 fecit:
1045 3162 1199 3209 sutor
1243 3162 1428 3210 tamen
1473 3162 1560 3210 est
1603 3154 1861 3227 sapiens?
1950 3155 2089 3228 qui?

469 3235 551 3292 ‘ut
594 3238 842 3310 quamvis
885 3247 1036 3295 tacet
1077 3240 1479 3312 Hermogenes,
1524 3248 1715 3296 cantor
1760 3248 1945 3296 tamen
1990 3250 2155 3315 atque

302 3327 421 3380 130
470 3322 710 3395 optimus
755 3333 843 3380 est
883 3325 1226 3395 modulator3
1271 3334 1335 3380 ut
1376 3326 1612 3380 Alfenus
1656 3327 1827 3395 vafer,
1872 3327 2022 3381 omni

468 3408 683 3465 abiecto
727 3410 1094 3466 instrumento
1139 3411 1271 3466 artis
1318 3412 1616 3484 clausaque
1660 3413 1912 3480 taberna,

467 3501 658 3550 tonsor
701 3502 850 3567 erat;
897 3495 1116 3569 sapiens
1162 3495 1346 3570 operis
1392 3496 1471 3552 sic
1518 3497 1755 3570 optimus
1803 3495 1982 3552 omnis

1706 3589 1833 3660 10*
