2459 3959
393 2137 468 2190 10

393 2610 466 2660 15

393 3079 469 3132 20

831 932 1239 1010 CARMEN
1297 930 1890 1010 SAECVLARE

512 1281 737 1335 Phoebe
781 1281 1152 1354 silvarumque
1197 1291 1397 1354 potens
1440 1283 1639 1350 Diana,

512 1366 758 1420 lucidum
800 1368 937 1422 caeli
983 1370 1168 1436 decuit,
1214 1386 1247 1422 0
1292 1369 1507 1422 colendi

516 1469 735 1524 semper
780 1460 837 1507 et
883 1453 1035 1520 culti,
1083 1455 1210 1507 date
1256 1472 1399 1525 quae
1442 1471 1733 1526 precamur

601 1546 849 1610 tempore
893 1557 1065 1606 seem,

516 1683 628 1736 quo
675 1665 930 1736 Sibyllini
975 1683 1235 1719 monuere
1279 1683 1469 1720 versus

515 1749 755 1822 virgines
800 1751 970 1804 lectas
1013 1769 1326 1822 puerosque
1371 1759 1551 1804 castos

513 1835 616 1903 dis,
665 1835 863 1906 quibus
909 1843 1121 1907 septem
1164 1837 1423 1907 placuere
1468 1836 1658 1904 colle8‚

599 1921 787 1976 dicere
831 1938 1068 1974 carmen.

514 2050 653 2104 alme
699 2049 814 2115 sol,
860 2067 1024 2103 curru
1067 2048 1245 2104 nitido
1292 2048 1436 2103 diem
1482 2049 1577 2123 qui

512 2133 720 2207 promis
767 2143 826 2189 et
869 2134 1033 2202 celas,
1079 2134 1328 2206 aliusque
1372 2144 1429 2189 et
1472 2134 1620 2190 idem

520 2219 784 2286 nasceris,
829 2219 1006 2290 possis
1053 2219 1188 2274 nihil
1234 2222 1369 2275 urbe
1412 2221 1591 2275 Roma

598 2305 778 2360 visere
821 2305 1014 2358 maius.

511 2431 618 2487 rite
662 2441 904 2488 maturos
949 2435 1163 2506 aperire
1206 2443 1396 2507 partus

511 2518 670 2586 lenis,
715 2519 956 2590 Ilithyia‚
1002 2528 1158 2575 tuere
1201 2528 1425 2587 matres,

515 2604 629 2659 sive
673 2612 735 2658 tu
777 2605 988 2659 Lucina
1031 2608 1229 2677 probas
1274 2606 1459 2662 vocari

599 2709 696 2744 seu
741 2689 1039 2745 Genitalis:

513 2819 657 2886 diva,
703 2821 971 2892 producas
1017 2820 1284 2887 subolem,
1331 2829 1659 2895 patrumque

511 2923 804 2977 prosperes
851 2906 1075 2958 decreta
1117 2923 1283 2977 super
1327 2907 1579 2978 iugandis

511 2990 727 3044 feminis
771 2988 1051 3060 prolisque
1095 3009 1271 3046 novae
1316 2992 1485 3046 feraci

601 3077 724 3146 lege
768 3075 980 3142 marita,

511 3211 692 3259 certus
737 3205 985 3258 undenos
1030 3205 1249 3260 deciens
1294 3224 1394 3277 per
1438 3224 1611 3261 annos

514 3289 662 3343 orbis
707 3296 771 3341 ut
812 3297 1002 3344 cantus
1045 3291 1361 3363 referatque
1403 3291 1564 3347 ludos

511 3381 599 3428 ter
643 3372 732 3425 die
777 3374 925 3428 claro
968 3375 1286 3448 totiensque
1328 3385 1491 3448 grata

601 3465 762 3512 nocte
806 3459 1132 3531 frequentis·
