2459 3959
324 298 453 359 2⁰2
1022 306 1582 363 EPISTVLARVM

454 475 568 513 non
611 458 793 531 possis
839 458 999 515 oculo
1045 469 1316 533 quantum
1361 464 1700 518 contendere
1743 462 2023 534 Lynceus,

450 563 565 599 non
610 552 796 599 tamen
839 544 1050 601 idcirco
1096 555 1419 601 contemnas
1464 547 1649 619 lippus
1694 549 1965 620 inungui3

329 634 405 686 30
452 648 573 696 nec,
620 630 754 701 quia
797 631 1059 703 desperes
1103 632 1299 686 invicti
1342 635 1591 687 membra
1636 633 1925 705 Glyconis,

449 718 665 771 nodosa
708 734 907 788 corpus
953 718 1095 771 nolis
1138 718 1437 789 prohibere
1481 720 1764 791 cheragra.

450 810 535 857 est
579 803 818 874 quadam
861 802 1087 874 prodire
1131 812 1314 869 tenus,
1361 803 1409 857 si
1451 822 1564 859 non
1611 806 1776 859 datur
1819 805 1990 859 ultra.

450 888 632 942 fervet
677 887 910 942 avaritia
954 888 1270 960 miseroque
1316 888 1579 961 cupidine
1621 900 1846 962 pectus:

451 980 580 1027 sunt
623 975 797 1027 verba
840 982 897 1027 et
941 992 1105 1029 voces
1152 974 1353 1047 quibus
1397 976 1546 1029 hunc
1589 976 1766 1031 lenire
1808 975 2058 1029 dolorem

328 1064 403 1113 35
449 1058 633 1131 possis
679 1067 736 1113 et
778 1077 1034 1129 magnam
1079 1059 1261 1114 morbi
1307 1062 1591 1131 deponere
1633 1070 1867 1133 partem.

451 1143 629 1198 laudis
675 1162 861 1198 amore
906 1152 1113 1199 tumes:
1158 1154 1290 1201 sunt
1335 1154 1487 1201 certa
1529 1146 1746 1219 piacula
1792 1162 1935 1217 quae
1979 1153 2037 1200 te

451 1237 541 1284 ter
582 1247 721 1300 pure
764 1230 912 1285 lecto
956 1238 1222 1302 poterunt
1265 1249 1521 1287 recreare
1565 1232 1778 1286 libello.

453 1314 693 1381 invidus,
738 1314 1056 1384 iracundae,
1100 1316 1268 1380 iners,
1313 1317 1558 1383 vinosus,
1609 1326 1838 1383 amator,

452 1419 614 1455 nemo
658 1402 798 1457 adeo
840 1401 992 1457 ferus
1039 1410 1140 1470 est,
1186 1410 1250 1455 ut
1292 1422 1404 1459 non
1448 1402 1742 1459 mitescere
1786 1400 1983 1474 possit,

327 1492 403 1540 40
452 1486 499 1541 si
542 1489 707 1541 modo
753 1487 1001 1542 culturae
1043 1487 1352 1559 patientem
1397 1491 1710 1543 commodet
1751 1506 1964 1541 aurem.

451 1572 629 1627 virtus
674 1581 761 1627 est
803 1572 1002 1628 vitium
1044 1574 1258 1645 fugere,
1306 1582 1364 1628 ct
1407 1574 1682 1647 sapientia
1724 1573 1904 1645 prima

452 1657 693 1712 stultitia
736 1659 998 1713 caruisse.
1045 1658 1223 1726 vides,
1269 1677 1412 1731 quae
1455 1660 1695 1715 maxima
1738 1657 1917 1713 credis

454 1761 573 1799 esse
619 1743 781 1809 mala,
827 1745 1092 1816 exiguum
1136 1763 1365 1800 censum
1409 1754 1742 1817 turpemque
1783 1742 2086 1816 repulsam,

459 1838 670 1901 quanto
716 1830 929 1884 devites
974 1830 1144 1885 animi
1189 1830 1500 1903 capitisque
1545 1832 1776 1896 labore3

330 1920 403 1969 45
454 1914 675 1987 inpiger
718 1924 1001 1971 extremos
1048 1916 1225 1972 curris
1271 1925 1546 1972 mercator
1591 1918 1660 1969 ad
1701 1916 1874 1969 Indos

454 2019 559 2073 per
602 2018 771 2071 mare,
816 2002 1136 2073 pauperiem
1180 2002 1419 2075 fugiens,
1463 2020 1567 2074 per
1608 2018 1762 2066 saxa,
1806 2018 1906 2071 per
1948 1998 2120 2072 ignis:

456 2105 529 2141 ne
574 2104 735 2142 cures
780 2105 867 2156 ea,
911 2106 1053 2159 quae
1098 2090 1268 2143 stulte
1313 2087 1528 2142 miraris
1575 2095 1632 2140 et
1677 2095 1854 2157 optas,

455 2172 668 2228 discere
714 2180 772 2226 et
814 2174 1006 2227 audire
1052 2181 1109 2229 et
1152 2173 1369 2228 meliori
1413 2174 1641 2227 credere
1686 2190 1796 2225 non
1839 2169 1964 2225 vis?

454 2258 580 2330 quis
624 2258 831 2313 circum
874 2275 1045 2330 pagos
1090 2268 1149 2312 et
1192 2258 1400 2313 circum
1444 2257 1688 2331 compita
1727 2272 1956 2328 pugnax

331 2349 406 2400 50
454 2361 657 2414 magna
700 2343 954 2398 coronari
996 2352 1318 2399 contemnat
1362 2343 1643 2416 Olympia,
1689 2341 1781 2396 cui
1825 2359 1973 2413 spes,

454 2428 543 2481 cui
588 2428 660 2483 sit
703 2426 953 2485 condicio
998 2430 1174 2484 dulcis
1220 2430 1343 2485 sinc
1387 2430 1621 2501 pulvere
1665 2426 1924 2498 palmae?

450 2513 616 2569 vilius
660 2524 952 2586 argentum
996 2523 1083 2569 est
1124 2533 1282 2582 autc,
1326 2514 1622 2569 virtutibus
1668 2531 1881 2568 aurum.

458 2599 512 2654 ‘o
558 2598 726 2667 cives,
774 2600 941 2668 cives,
992 2602 1317 2673 quaerenda
1356 2598 1597 2672 pecunia
1638 2598 1876 2670 primum
1919 2604 2026 2668 est,

457 2686 638 2740 virtus
681 2694 808 2757 post
852 2704 1103 2741 nummos
1127 2679 1161 2739 :'
1210 2688 1353 2739 haec
1395 2686 1563 2739 Ianus
1607 2701 1853 2738 summus
1897 2682 1967 2736 ab
2013 2681 2124 2736 imo

332 2780 405 2828 55
456 2773 744 2843 prodocet,
790 2772 925 2825 haec
953 2772 1229 2826 recinunt
1274 2771 1506 2825 iuvenes
1551 2768 1763 2824 dictata
1807 2784 2083 2839 senesque

456 2856 643 2927 [laevo
688 2856 943 2927 suspensi
986 2855 1200 2913 loculos
1245 2857 1602 2928 tabulamque
1644 2850 1902 2920 lacerto}

454 2951 543 2999 est
584 2939 797 2997 animus
841 2942 965 3007 tibi,
1010 2951 1140 2997 sunt
1184 2961 1389 3010 mores,
1438 2949 1524 2997 est
1568 2940 1762 3009 lingua
1804 2939 2074 3010 fidesque,

456 3030 555 3083 sed
600 3026 1021 3099 quadringentis
1067 3047 1167 3083 sex
1212 3036 1424 3100 septem
1468 3025 1621 3081 milia
1665 3026 1897 3078 desunt:

454 3114 615 3186 plebs
662 3113 788 3168 eris.
833 3121 891 3168 at
932 3114 1093 3185 pueri
1135 3115 1391 3169 ludentes
1437 3112 1557 3167 ‘rex
1602 3110 1726 3165 eris'
1771 3109 1944 3175 aiunt,

335 3203 410 3257 60
459 3198 525 3254 ‘si
569 3206 722 3253 recte
764 3198 970 3254 facies!
1018 3198 1137 3267 [hic
1180 3218 1370 3254 murus
1415 3214 1620 3253 aeneus
1667 3203 1816 3251 esto:

456 3284 537 3339 nil
582 3283 829 3338 conscire
877 3284 1004 3351 sibi,
1048 3286 1202 3339 nulla
1249 3285 1554 3357 pallescere
1597 3278 1810 3353 culpa.]

456 3368 678 3437 Roscia,
722 3369 813 3423 dic
860 3373 1044 3439 sodes,
1090 3370 1291 3427 melior
1333 3370 1428 3424 lex
1469 3388 1540 3423 an
1583 3384 1886 3441 puerorum
1931 3372 2018 3421 est

460 3455 646 3520 nenia,
692 3472 837 3525 quae
882 3475 1115 3527 regnum
1158 3464 1314 3511 recte
1357 3453 1688 3509 facientibus
1735 3452 1918 3518 offert,

405 3602 413 3609 ,
466 3549 523 3595 et
566 3539 811 3595 maribus
860 3540 1042 3597 Curiis
1088 3550 1146 3597 et
1188 3543 1486 3596 decantata
1530 3536 1816 3594 Camillis?
1864 3576 1878 3597 ,-
