2459 3959
367 315 499 393 214
1067 333 1632 391 EPISTVLARVM

494 495 576 551 nil
620 494 815 551 audire
861 494 1048 563 velim,
1094 492 1175 548 nil
1219 493 1460 562 discere,
1507 495 1659 565 quod
1703 494 1850 550 levet
1893 512 2156 569 aegrum3
2207 504 2214 513 '

495 581 621 636 fidis
666 582 919 636 offendar
961 578 1210 646 medicis,
1255 578 1466 634 irascar
1509 578 1721 648 amicis,

373 673 447 723 10
496 682 595 722 cur
638 685 727 722 me
770 666 995 721 funesto
1039 672 1344 739 properent
1388 680 1578 720 arcere
1621 674 1886 735 vetern03

494 769 640 824 quae
683 768 927 807 nocuere
972 768 1197 824 sequar,
1246 750 1456 822 fugiam
1503 768 1647 822 quae
1690 752 1914 823 profore
1958 754 2216 822 credam3

494 837 709 893 Romae
756 837 935 892 Tibur
979 854 1155 893 amem
1201 845 1487 903 ventosus,
1533 836 1746 891 Tibure
1789 836 2044 892 Romam.

494 930 626 997 post
670 924 827 990 haec,
871 930 936 977 ut
979 924 1183 988 valeat,
1232 939 1344 993 quo
1390 929 1556 993 pacto
1599 940 1720 977 rem
1765 929 1928 995 gerat
1971 932 2030 978 et
2074 942 2153 990 se,

492 1016 558 1064 ιιι
599 1008 824 1081 placeat
867 1008 1055 1063 iuveni
1100 1016 1432 1079 percontare
1478 1015 1650 1080 utque
1696 1008 1930 1064 cohorti.

372 1101 445 1151 15
494 1094 543 1151 si
587 1094 737 1149 dicet
784 1093 989 1160 ‘recte’‚
1032 1092 1276 1165 primum
1317 1094 1581 1165 gaudere,
1625 1091 1866 1149 subinde

491 1186 851 1254 praeceptum
896 1178 1159 1234 auriculis
1204 1178 1313 1233 hoc
1358 1178 1634 1233 instillare
1676 1186 1990 1234 memento:

494 1274 558 1321 ut
600 1273 663 1321 tu
706 1266 1004 1331 fortunam,
1052 1263 1132 1319 sic
1174 1282 1276 1319 nos
1319 1271 1398 1333 te,
1445 1264 1627 1334 Celse,
1673 1264 1936 1320 feremus.

1301 1544 1393 1601 IX

493 1692 815 1763 Septimius,
860 1693 1077 1759 Claudi,
1122 1691 1384 1747 nimirum
1429 1692 1713 1764 intellegit
1755 1712 1916 1761 unus,

491 1778 685 1850 quanti
730 1797 817 1833 me
858 1780 1047 1834 facias.
1092 1796 1221 1833 nam
1267 1796 1392 1833 cum
1434 1786 1598 1850 rogat
1643 1785 1701 1833 et
1745 1798 1910 1851 prece
1954 1780 2128 1853 cogit,

490 1863 708 1919 scilicet
750 1873 814 1918 ut
856 1864 962 1919 tibi
1006 1882 1066 1919 se
1112 1866 1340 1919 laudare
1385 1873 1443 1919 et
1486 1866 1708 1918 tradere
1753 1882 1941 1934 coner,

493 1947 725 2021 dignum
768 1958 954 2004 mente
1000 1951 1276 2021 domoque
1321 1949 1560 2023 legentis
1605 1950 1843 2005 honesta
1885 1951 2164 2020 Neronis;

408 2042 441 2091 ⁶
490 2052 722 2091 munere
767 2052 893 2089 cum
937 2034 1093 2105 fungi
1137 2034 1416 2108 propioris
1463 2043 1652 2091 censet
1699 2036 1892 2091 amici:

491 2121 628 2193 quid
670 2121 877 2193 possim
922 2120 1077 2174 videt
1118 2137 1185 2175 ac
1227 2120 1387 2175 novit
1427 2139 1516 2175 me
1561 2119 1780 2176 valdius
1824 2110 1964 2193 ipso.

488 2207 667 2262 multa
712 2206 936 2278 quidem
982 2205 1117 2273 dixi,
1165 2224 1265 2261 cur
1309 2215 1602 2261 excusatus
1648 2208 1892 2273 abirem3

492 2294 594 2347 sed
638 2291 799 2346 timui
843 2309 967 2346 mea
1012 2310 1082 2346 ne
1126 2291 1357 2346 finxisse
1401 2292 1618 2347 minora
1661 2300 1908 2363 putarer,

490 2376 871 2432 dissimulator
914 2378 1037 2449 opis
1082 2377 1364 2451 propriae,
1411 2377 1548 2432 mihi
1593 2379 1915 2433 commodus
1959 2376 2073 2433 uni.

368 2469 441 2519 10
488 2462 569 2517 sic
612 2480 735 2535 ege,
782 2462 1007 2517 maioris
1055 2463 1277 2535 fugiens
1323 2462 1625 2535 opprobria
1668 2465 1884 2535 culpae,

487 2547 685 2603 frontis
730 2549 800 2603 ad
848 2550 1093 2602 urbanae
1138 2548 1405 2603 descendi
1447 2548 1710 2621 praemia.
1756 2550 1906 2621 quod
1951 2548 1999 2604 si

489 2632 807 2705 depositum
852 2633 1045 2687 laudas
1090 2635 1161 2688 ob
1208 2633 1371 2689 amici
1417 2634 1566 2689 iussa
1610 2636 1906 2707 pudorem,

491 2718 671 2774 scribe
716 2718 799 2773 tui
842 2718 1029 2791 gregis
1073 2719 1221 2774 hunc
1267 2727 1326 2775 et
1367 2720 1566 2775 fortem
1609 2722 1777 2776 crede
1821 2720 2162 2792 bonumque.

1312 3002 1374 3057 X

487 3141 657 3198 Vrbis
703 3149 1005 3198 amatorem
1047 3144 1292 3199 Fuscum
1336 3146 1550 3200 salvere
1594 3145 1849 3202 iubemus

487 3227 633 3284 ruris
677 3235 971 3285 amatores.
1018 3230 1123 3285 hac
1165 3230 1224 3285 in
1269 3249 1332 3286 re
1377 3230 1592 3286 scilicet
1634 3249 1745 3287 una

490 3314 725 3369 multum
770 3314 1092 3383 dissimiles,
1138 3324 1198 3370 at
1243 3324 1428 3372 cetera
1469 3334 1651 3389 paene
1695 3317 1921 3391 gemelli

485 3399 747 3453 fraternis
794 3400 991 3454 animis
1036 3400 1310 3474 quidquid
1353 3410 1522 3475 negat
1564 3403 1708 3457 alter
1749 3411 1807 3458 et
1850 3403 1994 3459 alter

406 3490 437 3540 5
486 3483 778 3539 adnuimus
820 3483 1053 3555 pariter.
1100 3487 1276 3541 vetuli
1319 3490 1552 3561 notique
1597 3487 1858 3555 columbi,

483 3577 549 3623 tu
592 3568 785 3623 nidum
826 3586 1039 3641 servas,
1088 3590 1193 3646 ego
1235 3573 1405 3629 laudo
1449 3572 1592 3629 ruris
1638 3574 1858 3631 amoeni
