2459 3959
345 259 468 322 122
1163 269 1212 324 E
1228 269 1500 326 PODON

346 426 420 476 85
471 421 570 475 sed
614 420 816 476 dubius
859 422 1008 476 unde
1047 432 1333 495 rumperet
1374 421 1653 478 silentium

553 505 705 561 misit
747 507 1054 576 Thyesteas
1099 527 1329 580 preces:

467 591 711 657 ‘venenaq
757 610 918 662 maga
962 611 1072 648 non
1115 594 1198 648 fas
1243 595 1527 665 nefasque,
1575 613 1687 648 non
1733 594 1924 649 valent

555 685 877 732 convertere
919 679 1212 733 humanam
1256 679 1449 734 vicem.

469 763 603 818 diris
648 779 806 833 agam
849 781 977 818 vos:
1021 763 1142 817 dira
1185 765 1479 820 detestatio

348 852 423 904 90
552 848 708 902 nulla
749 848 1008 920 expiatur
1050 849 1295 904 victima.

469 934 623 1006 quin,
670 933 767 988 ubi
807 934 992 1004 perire
1035 934 1218 990 iussus
1262 935 1613 1006 expiravero,

553 1026 853 1073 nocturnus
898 1037 1176 1074 occurram
1223 1021 1395 1086 furor,

468 1111 764 1177 petamque
809 1103 993 1159 voltus
1037 1107 1232 1160 umbra
1276 1105 1457 1159 curvis
1502 1105 1803 1177 unguibus,

554 1206 697 1261 quae
741 1189 824 1243 vis
871 1190 1100 1244 deorum
1145 1198 1229 1245 est
1274 1189 1537 1258 manium,

347 1269 444 1332 95'
468 1283 525 1331 et
566 1274 830 1346 inquietis
875 1273 1134 1330 adsidens
1177 1275 1517 1347 praecordiis

553 1377 759 1433 pavore
803 1377 1023 1414 somnos
1067 1360 1329 1414 auferam.

468 1465 567 1502 vos
610 1446 773 1500 turba
816 1444 1036 1499 vicatim
1078 1444 1206 1499 hinc
1250 1453 1306 1500 et
1350 1445 1480 1500 hinc
1524 1445 1671 1500 saxis
1714 1452 1911 1516 petens

551 1532 858 1587 contundet
900 1531 1196 1584 obscaenas
1242 1548 1396 1584 anus.

469 1624 600 1690 post
643 1615 922 1688 insepulta
964 1617 1212 1669 mem'bra
1256 1615 1513 1670 different
1554 1616 1673 1687 lupi

347 1708 462 1758 100
555 1709 610 1756 et
651 1700 974 1773 Esquilinae
1017 1700 1196 1768 alites,

467 1803 651 1859 neque
695 1787 800 1840 hoc
844 1784 1090 1857 parentis
1135 1787 1244 1840 heu
1288 1785 1421 1840 mihi
1468 1785 1795 1858 superstites

559 1871 816 1942 effugerit
863 1871 1277 1941 spectaculum.’

1270 2083 1357 2140 VI

470 2214 620 2280 Quid
663 2213 984 2268 inmerentis
1029 2212 1277 2284 hospites
1322 2230 1491 2267 vexas
1540 2214 1690 2268 canis

553 2299 786 2371 ignavus
831 2299 1122 2353 adversum
1167 2298 1374 2370 lupos?

468 2384 602 2455 quin
649 2385 757 2438 huc
798 2382 978 2437 inanis
1024 2394 1196 2452 verte,
1245 2385 1290 2437 si
1333 2392 1509 2455 potes,
1554 2383 1730 2438 minas

555 2477 610 2524 et
652 2487 740 2524 me
781 2487 1154 2524 remorsurum
1198 2478 1347 2540 pete.

388 2561 418 2609 5
467 2573 596 2610 nam
641 2554 818 2627 qualis
863 2563 960 2608 aut
1001 2554 1279 2609 Molossus
1326 2562 1422 2608 aut
1464 2554 1647 2609 fulvus
1692 2556 1902 2620 Lacon,

553 2640 726 2695 amica
767 2640 852 2694 vis
895 2639 1226 2711 pastoribu3‚

474 2743 633 2798 agam
675 2744 777 2798 per
819 2725 958 2778 altas
1004 2743 1136 2778 aure
1182 2726 1400 2780 sublata
1444 2726 1613 2792 nivis,

552 2828 913 2883 quaecunque
956 2811 1251 2881 praecedet
1294 2812 1431 2865 fera.

467 2905 531 2952 tu
573 2914 696 2951 cum
739 2896 984 2950 timenda
1027 2913 1163 2950 voce
1207 2895 1477 2968 conplesti
1520 2914 1729 2962 nemus,

347 2989 420 3038 10
551 2981 857 3055 proiectum
902 2980 1148 3036 odoraris
1193 2981 1395 3036 cibum.

467 3085 602 3124 cave
644 3085 804 3121 cave:
849 3083 1086 3138 namque
1131 3066 1188 3119 in
1231 3067 1406 3122 malos
1453 3067 1788 3139 asperrimus

550 3159 745 3225 parata
785 3151 922 3206 tollo
966 3169 1192 3219 cornua,

467 3238 645 3312 qualis
688 3237 1000 3307 Lycambae
1045 3246 1263 3306 spretus
1308 3237 1478 3292 infido
1523 3255 1717 3308 gener,

550 3331 648 3377 aut
690 3339 816 3376 acer
859 3320 1032 3376 hostis
1077 3322 1313 3394 Bupalo,

345 3414 416 3462 15
465 3426 536 3463 an
579 3407 754 3479 siquis
797 3415 916 3460 atro
963 3409 1130 3461 dente
1174 3425 1261 3461 me
1303 3407 1579 3480 petiverit,

550 3492 760 3547 inultus
804 3498 868 3544 ut
909 3493 1055 3546 flebo
1097 3492 1277 3564 puer?
