2459 3959
226 276 278 323 X

229 410 556 476 disiuncta
579 415 746 497 quod
765 415 837 476 si.
868 423 1200 500 praeterea
1244 413 1597 478 accusativi
1640 412 1908 499 pluralis
1948 414 2188 479 formas

227 498 296 561 in
341 499 394 561 is
439 497 811 563 terminatas
857 497 940 562 ad
985 498 1585 581 antiquissimorum
1614 497 1931 564 librorum
1966 522 2186 565 exem-

231 583 417 668 plum
462 582 713 649 admisi.
761 606 892 667 qua
933 584 1001 647 in
1046 605 1116 647 re
1164 604 1534 668 quanquam
1596 596 1773 649 certa
1818 586 2035 668 aliqua
2078 586 2186 650 lex

227 674 561 745 observari
606 670 894 736 nondum
928 669 1212 756 potuerit
1259 702 1339 717 -
1386 693 1534 734 nam
1567 669 1847 734 Bentleii
1894 672 2188 757 regulam

237 762 465 850 (praef.
511 782 576 845 p.
599 776 676 823 1x
720 756 801 819 ed
845 757 1016 834 nov.)
1065 755 1145 818 de
1190 756 1505 838 genetivie
1536 756 1605 819 in
1635 759 1765 821 ium
1802 758 2191 822 exeuntibus

229 873 361 915 non
430 846 587 911 satis
651 844 864 908 faeere
909 841 1157 905 monuit
1203 838 1477 907 Lachm.
1523 862 1584 927 p.
1632 846 1713 907 50
1774 878 1857 888 -—-
1923 841 2189 927 longius

233 954 450 999 tamen
511 928 894 1015 aliquotiens
955 926 1306 1009 procedere
1363 927 1543 992 licuit
1612 948 1806 1011 quam
1855 949 1893 991 a
1935 927 2190 1011 Paulyo

231 1024 505 1093 factum,
559 1030 635 1079 ut
679 1015 746 1078 in
791 1010 865 1077 C.
910 1010 1035 1077 III.
1084 1018 1144 1079 8.
1192 1014 1230 1077 5
1276 1012 1407 1076 reoi
1458 1035 1635 1078 erem-
1676 1016 2003 1091 sermonis,
2063 1014 2192 1079 IV.

237 1111 278 1171 4
340 1110 437 1170 11.
471 1104 556 1170 28
603 1101 882 1165 draconis
925 1108 988 1163 et
1032 1098 1305 1164 Neronis
1348 1105 1369 1179 (
1432 1099 1681 1184 ipperd.
1710 1100 1791 1163 ad
1837 1098 1993 1165 Tae.
2042 1123 2191 1165 ann.

233 1194 323 1259 II.
350 1194 430 1257 33
456 1190 552 1253 ed.
573 1187 710 1263 alt.)
734 1187 886 1249 item
922 1182 988 1248 S.
1012 1183 1065 1249 I.
1094 1187 1193 1249 10.
1221 1185 1305 1250 62
1352 1185 1603 1249 minoris
1648 1186 1767 1269 (id.
1793 1185 1879 1248 ad
1901 1184 1987 1250 II.
2014 1189 2142 1261 14).

408 1275 596 1339 Haeo
637 1271 836 1357 igitur
880 1268 1080 1333 habui
1123 1292 1289 1355 quae
1318 1293 1667 1347 monerem,
1717 1269 2029 1335 benevole
2058 1271 2190 1335 lec-

235 1380 355 1441 tor,
403 1360 639 1444 quibus
685 1356 902 1437 siquid
947 1357 1188 1421 rectius
1235 1357 1488 1421 noveris
1526 1358 1843 1421 candidus
1883 1357 2194 1441 inpertiae

234 1450 448 1515 velim.
494 1468 643 1510 nam
689 1445 1043 1508 etiamnum
1086 1443 1151 1506 in
1197 1442 1473 1506 Horatio
1505 1443 1709 1508 multo
1753 1444 1971 1528 plures
1998 1464 2193 1527 quam

237 1533 605 1600 ‘duodecim
649 1530 803 1594 fere'
849 1528 996 1593 illos
1043 1528 1294 1593 ‘nodos'
1337 1529 1595 1595 relictos
1642 1550 1825 1617 esee‚·
1861 1550 2024 1613 quos
2072 1529 2191 1592 ali-

237 1620 507 1706 quando
550 1612 960 1681 FAWolfius
1005 1614 1169 1679 dix-it
1215 1613 1555 1698 (of.Orell.
1594 1614 1759 1679 anal.
1791 1613 2022 1679 Horat.
2050 1612 2197 1677 Tu-

238 1704 543 1772 riei1838
574 1725 638 1787 p.
665 1706 722 1765 1.
773 1697 1197 1765 GHermann.
1231 1699 1312 1763 de
1340 1700 1549 1786 primo
1596 1722 1789 1764 carm.
1826 1699 1987 1764 Hor.
2014 1722 2077 1784 p.
2100 1703 2192 1777 6),

237 1792 429 1859 facile
471 1797 668 1875 patet.
716 1807 792 1850 eo
836 1784 1046 1870 magis
1093 1784 1449 1867 optandum
1481 1785 1622 1861 erit,
1669 1797 1742 1848 ut
1776 1786 2033 1849 tandem
2063 1784 2195 1850 ele-

238 1876 663 1966 gantissimus
727 1882 919 1957 poeta
982 1870 1174 1934 iustis
1234 1870 1708 1934 commentariis
1788 1870 2198 1947 inlustretur,

241 1963 454 2037 (mode
498 1961 747 2023 utinam
770 1956 1181 2041 MHauptius
1225 1958 1612 2038 promissum
1662 1954 1891 2020 solvat.
1938 1978 2086 2019 nam
2112 1954 2198 2019 de

239 2047 534 2114 FRitteri
583 2043 1000 2124 temptamine
1045 2041 1204 2126 quid·
1250 2042 1665 2105 statuendum
1711 2040 1790 2103 sit
1839 2052 1985 2103 ante
2029 2039 2195 2103 vidi·

241 2158 414 2211 mus,
461 2142 524 2196 et
569 2128 747 2214 quod
790 2128 965 2214 apud
1010 2127 1267 2191 Franco
1360 2126 1483 2193 llos
1530 2146 1739 2207 nuper
1784 2124 2026 2191 factum
2073 2135 2193 2202 eet,

241 2235 318 2285 ut
349 2228 521 2284 ‘eum
544 2236 717 2281 novo
744 2214 1205 2278 commentario
1229 2236 1267 2277 a
1334 2213 1597 2277 modum
1622 2210 1670 2277 J
1672 2210 1946 2276 ohannis
1979 2209 2197 2274 Bond’

243 2305 595 2371 Horatium
652 2300 1064 2366 venditarent
1126 2296 1357 2376 (Paris.
1406 2320 1511 2381 ap.
1557 2296 1826 2363 FDidot
1879 2300 2066 2375 1856)
2127 2295 2194 2358 in

247 2388 604 2455 Germania
649 2406 908 2470 quoque
952 2383 1058 2450 hie
1101 2383 1236 2448 illic
1281 2404 1428 2448 oum
1452 2386 1693 2467 plausu
1718 2394 2082 2470 exceptum,
2127 2380 2197 2443 id

243 2478 583 2540 ‘incertum
630 2470 834 2534 habeo
881 2470 1121 2554 pudeat
1170 2492 1247 2531 an
1297 2469 1518 2556 pigeat
1549 2472 1755 2555 magis
1790 2468 2143 2533 disserere?
